2461 3176
1166 107 1214 146 15

403 235 548 270 Mollins
574 234 715 279 quidem
742 234 785 269 de
813 236 897 277 vita,
923 244 1029 278 quam
1053 234 1253 269 deserturus
1279 240 1341 278 est,
1354 238 1521 279 queritur,
1547 246 1588 270 ac
1612 237 1688 269 sine
1715 234 1928 276 arrogantia,
1954 232 2013 266 sed
2041 242 2208 277 generosa

177 306 231 340 sni
255 303 386 340 fiducia
409 302 638 338 memorabile
663 301 753 336 illud
778 304 983 347 pronuntiat
1008 302 1172 354 verbum:

1275 402 1284 411 .
1320 403 1329 411 .
1360 403 1368 411 .
1400 372 1495 418 ἔπος

685 437 831 494 ἐξερέω
861 435 971 494 μέγ’,
1001 435 1094 479 οἷον
1125 435 1275 479 οὔτινα

691 506 817 561 Τροία
847 508 1033 559 στρατοῦ
1060 502 1248 558 δέρχθη,
1277 502 1443 558 χθονὸς
1472 501 1645 558 μολόντ’
1676 501 1760 546 ἀπὸ

683 570 929 617 Ἑλλανίδος
979 574 1120 612 τανῦν
1149 568 1189 611 δ’
1218 568 1366 624 ἄτιμος

685 635 769 682 ὦδε
798 635 1063 693 nodat-small>

401 720 488 764 Quis
513 725 577 762 est,
605 721 666 763 qui
701 718 870 762 proximis
897 716 1011 749 verbis
1038 714 1155 748 dolore
1181 725 1247 748 non
1273 714 1470 749 afficiatur?
1521 714 1612 748 Sane
1639 719 1871 751 consentimus
1899 718 2020 760 Aiaci,
2058 719 2120 752 sed
2146 718 2213 752 hae

177 789 389 832 cogitatione
410 788 457 822 ad
485 797 561 823 eam
588 788 795 822 sententiam
822 783 1038 828 provehitur,
1067 790 1106 817 ut
1130 785 1269 825 sentiat,
1298 783 1423 817 inutile
1449 782 1534 826 quid
1562 788 1596 816 et
1624 793 1753 818 vanum
1780 787 1887 820 vitam
1914 797 1987 821 esse
2014 787 2158 821 inertem
2177 791 2212 821 et

176 856 304 891 honore
330 857 504 900 privatam
532 861 567 890 et
592 854 841 899 despicabilem
868 849 1061 893 hominem,
1101 852 1180 894 qui,
1220 861 1262 884 ne
1289 852 1363 884 vita
1388 850 1551 892 excedat,
1587 862 1647 894 spe
1676 854 1774 886 irrita
1800 854 2037 896 prohibeatur.
2090 853 2206 898 Vitae,

175 924 259 966 suis,
285 924 447 958 omnibus
467 922 665 968 valedicit&
691 932 769 956 cum
794 922 914 964 vigore
942 920 1013 962 illo,
1042 920 1103 962 qui
1133 906 1392 964 δραστήριον
1422 906 1562 964 ἄνδρα
1595 918 1747 955 denotat,

402 991 493 1026 Mira
519 990 671 1035 quadam
696 989 865 1024 facilitate
890 987 947 1021 hic
970 988 1104 1021 animos
1129 991 1262 1020 nostros
1291 985 1479 1029 Sophocles
1507 992 1633 1022 movet.
1685 987 1839 1023 Simulac
1867 988 1966 1024 Aiaci
1991 989 2086 1025 furor
2112 992 2208 1026 divi-

175 1061 269 1093 nitus
298 1060 453 1094 inflictus
480 1059 619 1101 resedit,
640 1063 675 1093 et
701 1057 922 1100 monologum
949 1054 1091 1097 illum‚³)
1109 1057 1143 1088 in
1171 1065 1238 1098 quo
1251 1055 1522 1098 fortunae‚¹quae
1550 1057 1716 1098 imminet,
1736 1057 1837 1091 cardo
1862 1051 2020 1101 vertitur,
2040 1060 2213 1094 rhetorica

177 1125 329 1170 quadam
354 1126 567 1162 dexteritate
579 1126 802 1160 Telamonius
831 1111 979 1165 (πάντ’
1015 1110 1198 1168 ἀκήκοας
1227 1110 1379 1169 λόγον)
1411 1122 1546 1165 finivit,
1582 1128 1654 1157 tum
1682 1124 1884 1160 Tecmessae
1910 1127 2075 1170 chorique
2103 1130 2210 1162 animi

176 1194 280 1229 valde
306 1197 531 1239 exagitantur
558 1194 678 1237 malis,
718 1203 829 1237 quae,
866 1192 975 1225 Aiace
1001 1196 1108 1225 morte
1134 1190 1290 1234 derepto,
1329 1190 1446 1224 sutura
1471 1193 1554 1227 sint.
1604 1192 1735 1227 Saxum
1772 1196 1894 1238 ingens
1930 1197 1964 1228 in
1991 1198 2077 1229 mari
2104 1198 2210 1231 situm

177 1264 287 1305 aspici
314 1263 414 1305 lieet,
450 1262 545 1306 quod
578 1268 618 1296 ut
645 1262 803 1296 flectatur
839 1260 896 1294 vel
922 1264 1099 1294 evertatur
1126 1261 1258 1302 impetu
1286 1260 1439 1301 graviori
1474 1260 1646 1294 leniorive
1673 1261 1840 1296 fluctuum
1870 1264 2082 1300 verberatur.
2132 1265 2210 1301 Non

179 1331 339 1367 flectitur.
377 1331 522 1366 Frustra
548 1333 639 1366 enim
668 1331 783 1365 aditur
808 1341 829 1363 a
849 1329 1041 1372 Tecmessa,
1069 1340 1111 1363 ne
1137 1339 1173 1363 se
1199 1329 1380 1371 filiumque
1406 1330 1559 1363 inimicis
1586 1330 1774 1374 relinquat.
1812 1329 2083 1366 Commotionem
2101 1336 2210 1368 animi

177 1397 274 1433 hisce
298 1399 450 1442 querelis
476 1399 631 1435 effectam
659 1398 762 1433 facile
788 1397 960 1441 deprimit,
979 1398 1039 1441 qui
1065 1407 1233 1431 summam
1261 1396 1356 1430 illam
1385 1398 1534 1441 priorem
1561 1403 1803 1442 tempestatem
1829 1403 1971 1437 vicerat.
2011 1400 2102 1435 Sane
2129 1403 2212 1445 qui-

178 1466 256 1501 dem
282 1473 527 1510 commovetur,
552 1468 613 1501 sed
640 1467 781 1501 affectus
808 1467 842 1499 in
866 1467 1026 1498 intimum
1052 1474 1108 1499 cor
1134 1464 1317 1499 concludit.
1371 1465 1572 1508 „Pudebat‚
1607 1468 1748 1509 opinor,
1777 1469 1891 1501 virum
1919 1470 2033 1511 specie
2065 1467 2211 1502 ferreum

178 1533 383 1568 muliebrem
409 1534 563 1577 profiteri
589 1544 749 1576 amorem,
779 1544 822 1567 ne
847 1533 932 1567 sorte
964 1533 1107 1566 uxorius
1133 1532 1318 1567 videretur.
1355 1533 1542 1575 Propalam
1568 1535 1660 1567 enim
1687 1535 1830 1576 praebet
1857 1537 2018 1569 maritum
2036 1546 2072 1569 se
2090 1546 2213 1578 pamm

178 1609 308 1635 comem
332 1602 368 1634 in
395 1601 670 1634 amantissimam
696 1604 731 1634 et
753 1598 1041 1633 modestissimam
1070 1599 1261 1642 coniugem,
1288 1598 1348 1633 sed
1377 1600 1600 1643 imperiosum
1627 1605 1661 1634 et
1687 1599 1912 1637 fastuosum.“
1922 1600 1952 1646 ⁴)
2003 1602 2208 1647 Afferamus,

179 1678 268 1711 quae
293 1659 336 1701 de
363 1668 428 1702 hac
454 1677 490 1701 re
524 1668 691 1702 subtilius
717 1667 856 1701 disserit
880 1664 1055 1709 Jacobs.³)
1107 1666 1195 1708 „Mit
1229 1666 1306 1699 dem
1331 1666 1531 1700 Abschiede
1557 1668 1602 1699 ist
1631 1667 1693 1700 das
1719 1667 1912 1702 Schwerste
1939 1669 2095 1713 besiegt,
2131 1671 2215 1705 aber

179 1734 239 1770 der
265 1734 406 1770 Stachel
432 1734 493 1770 des
517 1734 737 1776 Schmerzes,
775 1733 930 1769 welchen
958 1743 994 1768 er
1031 1734 1065 1766 in
1092 1732 1169 1767 dem
1194 1733 1332 1768 Her-zen
1371 1732 1430 1766 des
1456 1732 1594 1767 Helden
1630 1735 1924 1777 zuriickgelassen
1951 1735 2030 1778 hat,
2070 1737 2211 1770 verrath

178 1801 265 1846 sich,
288 1811 389 1836 wenn
416 1801 472 1836 ich
497 1800 595 1836 nicht
619 1801 697 1844 irre,
733 1802 767 1834 in
795 1799 855 1834 der
881 1800 1008 1843 Kirna,
1044 1799 1275 1834 Trockeuheit
1303 1798 1373 1833 und
1400 1798 1522 1842 Hiirte,
1550 1801 1613 1834 mit
1640 1800 1789 1835 welcher
1817 1811 1853 1836 er
1879 1801 1934 1836 die
1961 1802 2213 1840 wiederholten

179 1871 300 1904 Bitten
325 1870 548 1903 Tecmessens
574 1878 644 1902 von
670 1869 745 1903 sich
772 1870 903 1903 weiset.
953 1868 998 1901 So
1027 1868 1158 1910 spricht
1184 1868 1262 1908 der,
1296 1867 1445 1900 welcher
1472 1877 1583 1911 gegen
1611 1868 1666 1901 die
1695 1868 1890 1912 Festigkeit
1917 1871 2031 1904 seines
2058 1871 2214 1905 Heraens

133 1964 135 1967 .
179 1923 419 1972 minstrauisch
434 1935 521 1970 wird
547 1934 619 1969 und
644 1934 717 1970 sich
744 1933 945 1970 derGefahr
962 1934 1144 1969 entziehen
1172 1934 1255 1977 will,
1275 1935 1310 1968 in
1325 1917 1436 1969 einem
1461 1935 1783 1971 unabiinderlichen
1795 1936 2020 1972 Entschlusse
2042 1939 2213 1974 wankend

180 2004 342 2048 gemacht
367 2014 410 2037 zu
437 2002 610 2037 werden.“

407 2070 537 2105 Eadem
564 2070 605 2104 de
632 2080 753 2105 caussa
779 2075 824 2112 et,
850 2075 889 2103 ut
913 2071 1027 2113 sopiat
1053 2079 1193 2103 suorum
1220 2070 1460 2113 vigilantiam,
1495 2070 1657 2112 simulat,
1695 2070 1834 2104 tandem
1862 2070 2047 2115 fatigatum
2076 2083 2151 2107 esse
2176 2084 2212 2109 se

179 2139 387 2184 urgentibus
412 2138 617 2172 Tecmessae
654 2138 815 2181 precibus
848 2136 1061 2181 fractamque
1088 2138 1198 2180 ipsius
1232 2136 1296 2170 filii
1334 2136 1571 2171 misericordia
1597 2139 1826 2172 constantiam
1860 2148 1979 2184 suam3
2018 2140 2143 2177 deinde
2175 2148 2214 2178 nt

180 2207 388 2243 incustodito
409 2205 585 2241 discedere
611 2206 726 2248 liceat,
742 2205 921 2240 lavacrum
946 2216 983 2239 se
1009 2210 1125 2249 petere
1150 2205 1288 2239 fatetur.
1327 2204 1444 2238 Media
1462 2210 1578 2239 autem
1605 2207 1774 2240 orationis
1796 2204 1907 2252 pars‘)
1934 2209 2081 2243 ironiam
2099 2212 2214 2245 verius

179 2275 297 2318 habet,
323 2285 429 2318 quam
456 2274 726 2309 simulationem.
775 2273 882 2315 Nam,
924 2273 1067 2308 Aiacem
1104 2274 1246 2307 minime
1273 2275 1426 2306 animum
1455 2272 1679 2316 despondisse
1717 2273 1766 2318 (id
1806 2274 1898 2317 quod
1925 2274 2110 2319 Gruppeus
2136 2287 2213 2311 cum

180 2344 262 2378 aliis
287 2340 488 2386 contendit),
515 2352 558 2376 ex
585 2342 703 2375 verbis
729 2345 844 2384 patet:

413 2576 440 2626 ¹)
466 2590 525 2616 vv.
549 2580 751 2615 422—428.

408 2627 436 2670 ²)
460 2630 661 2664 411—-41'1,
686 2638 747 2664 vv.
772 2627 972 2664 545—582.

407 2675 435 2715 8)
461 2686 519 2708 vv.
546 2677 747 2710 430-480.

409 2721 438 2769 ⁴)
466 2722 689 2759 Doederlein:
715 2721 834 2759 Reden
859 2721 930 2757 und
957 2722 1137 2760 Aufsatze.
1186 2733 1219 2767 p.
1248 2722 1328 2759 260.

410 2771 438 2815 ⁵)
465 2772 665 2815 Nachtra’ge
688 2783 733 2806 zu
759 2771 909 2806 Sulzer⁷s
934 2771 1000 2808 Th.
1028 2772 1062 2809 d.
1087 2772 1158 2806 sch.
1186 2772 1232 2806 K.
1260 2771 1329 2804 vol.
1357 2771 1384 2805 1.
1412 2782 1444 2814 p.
1474 2772 1552 2806 119.

408 2818 435 2865 ⁶)
460 2830 519 2855 vv.
548 2821 747 2856 665—670.
1444 2822 1453 2832 ‘
