2461 3176
1178 96 1228 140 12

177 231 393 268 prorsusque
416 221 537 267 diruit,
564 221 671 259 delet.
723 222 885 282 Denique
913 222 1176 258 calamitatibus
1202 221 1385 268 anigitur,
1413 234 1562 284 quarum
1589 229 1681 259 mors
1705 234 1775 260 non
1799 227 1852 260 est
1877 225 2042 261 maxima.
2068 223 2228 272 Contra,
2281 232 2284 240 ·

181 291 246 334 qui
269 288 418 326 vivendi
446 276 695 335 sentiendique
714 278 891 327 sationem
917 292 1019 325 iuxta
1044 294 1221 324 aeternas
1230 289 1329 325 illas
1336 290 1435 337 leges
1446 277 1563 337 atque
1589 281 1808 327 firmissimas
1834 287 2013 335 instituit,
2026 297 2150 369 neque
2158 281 2230 327 huc

180 366 297 407 neque
322 357 408 394 illue
422 347 589 394 declinat
614 363 650 395 et
674 369 720 394 ex
744 369 859 408 rerum
886 357 1088 423 discrimine
1116 358 1271 402 palmam
1293 360 1450 426 reportat
1476 359 1643 396 nobilem.
1807 365 1810 367 ·

1170 867 1241 917 11.

410 988 612 1032 Postquam,
639 997 730 1032 quae
748 989 794 1021 sit
818 986 960 1021 fabulae
985 997 1121 1021 summa
1138 989 1321 1031 sententia,
1341 990 1578 1032 eognovimus,
1597 989 1639 1023 nd
1666 989 1810 1023 alteram
1837 989 2054 1032 quaestionis
2074 992 2221 1032 partem,

179 1065 251 1099 qua
277 1061 353 1090 arte
377 1067 455 1091 eam
481 1054 671 1098 Sophocles
701 1060 903 1097 persecutus
919 1034 987 1096 .Sit'
1013 1060 1243 1090 transeamus.

410 1123 610 1170 Aeschylus
645 1133 822 1159 armorum
848 1122 1019 1159 iudicium
1046 1124 1248 1169 tragoediae
1283 1135 1366 1160 suae
1394 1125 1514 1160 Aiacis
1530 1125 1555 1170 ⁸)
1580 1126 1662 1160 fecit
1691 1127 1830 1160 initium
1858 1133 1892 1161 et
1918 1127 2162 1161 dimicationes
2186 1130 2222 1160 et

177 1195 424 1228 altercationes
451 1195 580 1236 partim
614 1193 767 1235 negotiis
793 1192 1012 1225 Athenarum
1046 1192 1241 1227 forensibus
1266 1194 1418 1226 maxime
1453 1193 1681 1236 adaequavit.
1732 1193 1929 1238 Sophoclea
1954 1198 2071 1228 autem
2098 1193 2224 1237 incipit

176 1261 301 1298 tabula
326 1272 348 1297 a
372 1261 472 1297 clade
494 1262 613 1306 gregis
638 1265 792 1305 peracta.
842 1261 995 1296 Multum
1024 1263 1166 1297 interest
1193 1265 1282 1297 inter
1307 1267 1490 1306 utramque
1518 1264 1699 1298 rationem.
1749 1263 1872 1306 Poe’ta,
1898 1272 2000 1308 quem
2039 1261 2226 1297 interiores

178 1332 441 1376 compositionis
467 1340 610 1366 caussae
634 1331 898 1375 permovebant,
926 1331 1194 1366 utAchivorum
1219 1332 1393 1375 principes
1419 1332 1620 1366 certaminis
1646 1331 1779 1367 iudices
1805 1333 2045 1373 constitueret,
2063 1339 2222 1381 caussam

177 1404 294 1435 tamen
320 1408 436 1434 coram
461 1400 506 1434 iis
529 1400 590 1449 agi
615 1398 739 1441 noluit,
767 1399 906 1442 partim,
943 1398 1035 1443 quod
1064 1401 1113 1433 tot
1150 1399 1308 1444 talesque
1340 1381 1464 1434 heroes
1497 1398 1596 1434 nulla
1628 1398 1720 1435 facta
1745 1381 1963 1445 singulorum
1996 1397 2223 1434 distinctione

176 1469 213 1502 in
238 1478 379 1504 seeum
406 1468 598 1511 producere
622 1478 693 1502 non
719 1469 844 1510 potuit,
871 1470 1010 1510 partim,
1035 1471 1064 1501 si
1092 1479 1377 1513 unumquemque
1402 1479 1466 1502 suo
1493 1470 1568 1502 iure
1587 1470 1638 1502 uti
1663 1470 1803 1510 sineret,
1831 1479 1873 1502 ne
1900 1468 1987 1502 fines
2010 1457 2223 1511 modumque

174 1535 331 1581 tragicae
357 1536 445 1570 artis
484 1534 688 1578 excederet,
727 1536 860 1571 veritus
887 1540 952 1572 est.
1003 1535 1129 1571 Orator
1164 1537 1281 1581 qualis
1314 1541 1405 1573 esset
1431 1537 1547 1580 Aiax,
1586 1549 1628 1572 ex
1656 1538 1846 1573 certamine
1884 1536 1932 1571 de
1969 1538 2075 1571 armis
2100 1536 2224 1572 habito

174 1604 348 1648 eluceret3
374 1605 489 1638 intimi
517 1609 635 1639 antem
661 1605 774 1639 animi
800 1614 923 1638 sensus
949 1607 984 1638 in
1012 1606 1159 1640 obscuro
1185 1610 1376 1641 manerent.
1421 1606 1537 1650 Quare
1565 1610 1637 1640 tum
1662 1605 1801 1641 demum
1826 1615 1908 1640 vere
1934 1606 2102 1650 tragicus,
2120 1609 2161 1639 ut
2179 1613 2223 1639 ex

173 1672 359 1717 Sophoclis
382 1676 517 1708 ratione
542 1673 676 1716 dicam,
716 1673 856 1715 evadit,
896 1675 946 1715 si,
982 1684 1090 1717 quum
1118 1675 1372 1718 ignominiosae
1398 1675 1561 1718 repulsae
1588 1677 1675 1708 iram
1701 1675 1921 1708 inimicorum
1949 1673 2053 1707 caede
2079 1672 2224 1716 explere

173 1740 359 1783 studuerit,
385 1751 406 1774 a
431 1741 593 1778 Minerva
619 1742 656 1775 in
683 1739 833 1775 furorem
853 1743 1029 1776 coniectus
1055 1746 1118 1777 est.
1153 1741 1215 1776 Sui
1242 1753 1310 1778 non
1337 1748 1528 1787 compotem
1556 1753 1597 1778 ac
1616 1742 1766 1778 ridicule
1792 1750 1960 1776 vesanum
1991 1741 2105 1785 prima
2120 1740 2223 1776 nobis

172 1819 278 1846 scena
295 1810 483 1854 Sophocles
508 1814 759 1853 repraesentat.
801 1809 846 1844 Ut
871 1810 1013 1854 singula
1040 1810 1213 1853 quaedam
1239 1811 1441 1845 afferamus:
1468 1822 1642 1855 nusquam
1670 1811 1779 1845 verba
1804 1811 1971 1853 reperias,
1999 1819 2091 1852 quae
2108 1810 2222 1853 magis

173 1881 330 1913 animum
355 1882 507 1921 movent,
534 1887 640 1921 qnam
670 1877 753 1911 illa:

684 1942 719 1987 ὦ
748 1943 879 2000 χαῖρ’,
909 1943 1101 1995 Ἀθάνα,
1132 1953 1268 2002 χαῖρε,
1300 1950 1493 2004 Διογενὲς
1522 1949 1691 1998 τέκνον,

684 2009 741 2059 ὥς
768 2009 817 2054 εὖ
846 2015 1079 2066 παρέστης·
1102 2010 1126 2055 ²)
1158 2044 1168 2054 .
1199 2045 1208 2053 .
1240 2044 1250 2054 .

400 2088 495 2123 Aiax
533 2090 646 2132 enim,
686 2090 747 2132 qui
770 2089 935 2132 'pristino
974 2094 1128 2132 tempore
1162 2089 1323 2130 deorum,
1362 2092 1550 2134 praecipue
1587 2090 1770 2125 Minervae
1809 2087 1984 2122 auxilium
2029 2085 2219 2120 insolenter

170 2163 380 2203 aspernatus
405 2162 498 2200 erat,
534 2162 637 2200 tunc,
665 2158 725 2191 ubi
751 2167 887 2190 summa
913 2157 1112 2192 calamitate
1133 2157 1309 2201 afficitur,
1344 2160 1478 2202 gratias
1505 2160 1583 2202 agit
1611 2157 1716 2199 deae,
1753 2156 1846 2200 quod
1873 2165 1910 2189 se
1937 2153 2083 2187 Atridas
2109 2153 2219 2187 ulcis-

170 2232 304 2264 centem
322 2225 529 2263 adiuvisset.
569 2225 723 2261 Insanus
748 2225 858 2270 igitur
882 2224 966 2260 facit
986 2224 1032 2270 id,
1051 2225 1143 2271 quod
1171 2237 1264 2263 sana
1283 2232 1399 2264 mente
1421 2228 1631 2273 vituperans
1656 2220 1780 2271 pavidi
1799 2224 1952 2260 hominis
1978 2231 2052 2258 esse
2068 2221 2218 2265 superbe

169 2296 319 2338 dixerat.
349 2296 447 2335 vlam
472 2306 587 2341 poena
613 2296 783 2339 afflictus,
820 2305 882 2340 pro
909 2295 975 2331 hac
1001 2297 1077 2340 ipsa
1113 2298 1265 2342 gratiam
1304 2296 1412 2333 habet
1444 2297 1705 2342 glorianturque,
1740 2295 1953 2341 exquisitam
1980 2292 2025 2326 ab
2064 2291 2219 2325 inimicis

167 2365 340 2401 ultionem
365 2374 402 2400 se
428 2366 577 2409 petisse:

489 2436 648 2476 ΑΙΑΣ.
678 2446 768 2475 ωστ
803 2429 956 2475 οὔποτ’
988 2433 1141 2476 Aibat-9
1171 2433 1252 2476 οΐδ
1281 2432 1535 2488 ααμάσουσ
1566 2435 1639 2475 ἔτι.

420 2501 640 2544 ΑΘΗΝΛ.
669 2499 884 2542 τεθνᾶσιν
914 2496 1082 2555 ἄνδρες,
1111 2518 1169 2550 ως
1196 2498 1247 2545 τὸ
1276 2498 1356 2545 σὸν
1386 2498 1538 2556 ξυνῆκ’
1568 2493 1666 2558 ἐγώ.

564 2571 638 2608 ΑΙ.
670 2563 881 2612 θανόντες
910 2564 994 2621 ἤδη
1023 2563 1123 2621 τᾶμ
1153 2565 1453 2624 αφαιρείσθων
1483 2566 1605 2609 ὅπλα.

395 2770 420 2812 ¹)
449 2739 713 2817 ,,θρῇσάαι.“

391 2819 421 2865 ²)
446 2828 506 2852 vv.
533 2821 685 2851 ιιι-92.
