2461 3176
1207 150 1255 192 19

202 275 458 322 staminibus
480 282 647 330 tenemur.
682 277 817 315 Scimus
842 278 1180 323 enim,'Recmessam
1197 284 1232 314 et
1250 278 1403 324 eliorum,
1430 283 1545 316 nuntii
1573 283 1690 317 verbis
1708 288 1905 326 commotos,
1933 283 2064 327 ubique
2082 282 2249 327 indagare

205 344 354 387 eiusque
378 346 535 388 vestigia
561 354 741 388 quaerere.
791 346 894 381 Solus
919 344 1062 392 q'uidem
1087 352 1139 380 est
1165 346 1270 393 Aiax,
1306 347 1366 381 sed
1393 350 1623 392 cogitationes
1649 351 1831 398 animique
1857 359 1975 383 omues
2000 355 2035 383 et
2059 352 2247 384 amicorum

202 415 252 454 et,
278 411 380 455 quod-
398 412 521 455 paullo
545 417 623 456 post
648 414 1105 457 videbimus,-inimieorum
1133 414 1176 448 ad
1203 416 1317 458 ipsum
1345 421 1505 460 vergunt,
1531 426 1634 451 curae
1658 418 1778 452 uxoris
1806 428 1846 451 ac
1871 418 2054 459 sociorum,
2091 417 2246 452 invidiae

202 463 410 515 Atridarum
428 485 534 524 atque
560 483 734 516 exereitus
748 484 1042 525 circumsaepiunt
1067 493 1146 517 eum
1175 483 1232 516 vel
1248 483 1291 515 ad
1311 484 1464 517 medium
1492 484 1591 517 illum
1618 495 1653 518 se
1679 491 1898 519 convertunt.
1932 485 2058 528 Itaque
2074 487 2247 518 mucronis

202 548 305 583 illius
331 550 431 592 ictu,
457 558 527 592 quo
553 549 645 583 latus
670 551 832 594 aperiens
857 560 915 584 cor
940 551 1047 594 petit,
1074 552 1149 584 vita
1176 551 1383 595 'cuiusquam
1412 551 1562 585 hominis
1588 551 1681 595 sola,
1708 554 1763 587 cui
1791 562 1916 588 nomen
1946 553 2047 587 Aiaci
2073 557 2143 594 est,
2179 561 2247 585 non

199 616 404 660 finitunsed
420 617 534 651 herois
552 618 627 651 vita
646 623 680 652 et
698 619 910 661 prosperitas
921 618 1088 661 salusque
1105 618 1292 653 multorum
1307 619 1466 653 funditus
1480 622 1658 661 evertitur,
1679 620 1824 654 ultionis
1837 620 2011 664 cupiditas
2032 619 2248 654 obtunditur.

437 684 480 719 V.
508 695 565 719 W.
591 687 825 730 eoo-dom:
852 686 943 720 Socii
958 685 1090 727 Aiacis,
1116 686 1265 721 simulac
1288 693 1460 722 mortuum
1479 689 1707 729 conspiciunt,
1735 689 1769 719 in
1789 690 1940 729 patriam
1967 686 2132 720 redeundi
2150 697 2246 729 spem

201 760 339 786 omnem
376 752 521 795 periisse
555 751 803 789 lamentantur.
853 745 1038 789 Tecmessa
1062 760 1096 788 et
1132 765 1230 789 suam
1267 757 1377 800 ipsius
1410 761 1446 790 et
1476 754 1664 800 Eurysacis
1699 755 1765 790 filii
1800 757 2005 790 servitutem
2042 756 2110 789 iam
2146 758 2245 798 quasi

201 821 314 855 oculis
339 820 435 855 videt
461 821 754 864 indignissimam.
803 822 958 856 Teucrus
995 822 1146 866 denique
1172 824 1258 857 adeo
1291 826 1453 857 omuibus
1482 824 1684 857 nominibus
1710 834 1746 857 se
1781 824 1954 857 infelicem
1982 823 2106 863 liabet,
2143 829 2178 855 ut
2212 824 2244 855 in

201 888 319 922 fratris
344 889 487 921 interitu
514 899 550 922 se
577 891 720 932 periisse
746 889 949 924 conclamet.

431 955 581 991 Gravior
616 963 731 991 autem
769 956 823 990 liis
850 968 891 991 ea
919 964 970 991 cst
997 959 1174 1001 quaestio,
1208 969 1289 992 num
1317 964 1394 1001 post
1430 958 1491 992 illa
1518 958 1724 993 concludere
1756 969 1856 992 omne
1892 969 2028 992 carmen
2057 959 2244 993 debuisset.

196 1023 311 1058 Nemo
338 1023 491 1069 quidem,
519 1027 652 1068 opinor,
680 1025 777 1059 chori
803 1031 837 1059 et
864 1024 1068 1060 Tecmessae
1095 1032 1201 1070 atque
1226 1027 1349 1061 Teucri
1377 1026 1418 1060 de
1437 1027 1547 1061 Aiace
1574 1034 1709 1061 mortuo
1736 1026 1896 1070 querelas
1917 1027 1996 1060 illas
2023 1037 2091 1060 non
2121 1026 2245 1060 lauda-

158 1112 160 1115 <
198 1095 312 1137 verit3
337 1099 419 1127 sunt
441 1095 536 1127 enim
564 1103 632 1127 nou
659 1095 774 1127 minus
801 1093 845 1127 ad
871 1104 1007 1128 omnem
1033 1094 1174 1127 fabulae
1201 1095 1455 1128 institutionem
1483 1096 1708 1136 necessariae,
1737 1106 1841 1137 quam
1869 1096 1912 1127 ab
1940 1101 2012 1127 arte
2040 1100 2109 1127 tam
2126 1095 2244 1128 excel-

199 1160 325 1204 lentes,
352 1167 390 1196 ut
416 1170 527 1203 aeque
555 1162 590 1192 in
618 1162 661 1193 iis
689 1166 794 1204 atque
822 1163 857 1193 in
884 1162 1059 1205 prioribus
1086 1163 1265 1206 egregium
1292 1161 1473 1205 Sophoclis
1500 1163 1679 1205 ingenium
1705 1171 1946 1204 summamque
1974 1163 2044 1194 vim
2073 1163 2241 1203 tragicam

198 1228 427 1263 admiremur.
476 1227 565 1262 Sunt
591 1234 718 1269 autern,
745 1230 806 1270 qui
834 1230 1125 1271 vituperationem
1152 1240 1193 1262 ex
1222 1229 1380 1263 ducentis
1407 1234 1440 1262 ct
1476 1231 1700 1272 septuaginta
1728 1230 1888 1262 versibus
1913 1229 1985 1262 illis
2012 1235 2180 1271 repetant,
2209 1232 2243 1261 in

197 1296 333 1339 quibus
358 1295 513 1330 Teucrus
539 1306 616 1329 cum
643 1295 805 1329 Menelao
832 1301 866 1330 et
892 1296 1154 1339 Agamemnone
1188 1296 1230 1330 dc
1258 1297 1366 1331 Aiace
1392 1297 1593 1339 sepeliendo
1620 1297 1803 1339 disceptat.
1855 1297 2034 1330 Incurrere
2061 1297 2243 1330 clamitant

197 1363 365 1396 divinum
391 1365 527 1406 poetam
557 1364 592 1396 in
620 1364 748 1396 vitium
777 1362 940 1407 Euripidi
966 1373 1214 1407 saepenumero
1241 1365 1314 1398 iure
1340 1362 1585 1406 obiiciendum,
1614 1362 1764 1407 duplicis
1791 1363 1924 1397 scilicet
1951 1365 2108 1407 actionis,
2138 1374 2242 1409 quam

200 1445 271 1468 non
298 1434 461 1467 admittat
503 1436 583 1467 boni
616 1435 740 1476 tragici
776 1435 890 1476 operis
917 1434 994 1474 lex,
1033 1436 1164 1476 quippe
1191 1445 1281 1476 quae
1321 1437 1356 1466 in
1392 1443 1498 1466 unum
1533 1433 1695 1474 idemque
1723 1436 1845 1475 poetae
1884 1434 2086 1473 consilium,
2128 1444 2147 1465 a
2176 1444 2244 1475 quo

201 1501 378 1546 pendeant
403 1503 537 1545 omnia,
574 1511 774 1536 conversam
802 1500 1022 1545 defixamqua
1048 1501 1135 1536 velit
1170 1502 1397 1536 attentionem
1423 1502 1627 1545 spectatoris
1662 1504 1736 1536 sive
1769 1500 1918 1536 lectoris.
1968 1500 2033 1535 Sed
2062 1500 2147 1534 adeo
2175 1511 2241 1534 non

198 1569 289 1603 haec
315 1571 384 1602 iam
403 1571 623 1612 subsequens
648 1567 758 1603 otiosa
780 1579 998 1611 oneratisque
1024 1569 1285 1611 praecedentem
1312 1575 1362 1602 est
1379 1571 1480 1609 actio,
1500 1574 1547 1609 ut,
1566 1571 1593 1601 si
1615 1579 1681 1602 non
1710 1571 1909 1602 accessisset
1935 1579 2071 1602 carmen
2092 1571 2242 1602 numeris

199 1637 273 1670 suis
300 1646 521 1680 nequaquam
539 1636 748 1678 absolutum,
777 1638 881 1669 immo
901 1646 1060 1670 mancum
1087 1636 1229 1679 suisset3
1256 1637 1346 1669 actio
1372 1638 1475 1677 enim,
1497 1646 1586 1679 quac
1612 1647 1656 1669 ex
1684 1636 1754 1670 alio
1773 1638 1965 1670 necessario
1994 1636 2069 1669 ssuit
2089 1642 2122 1669 et
2138 1635 2242 1668 fluere

195 1713 243 1737 veit
270 1706 446 1747 proposito
472 1703 623 1737 debebat
649 1703 813 1745 consilio,
856 1713 923 1737 non
952 1709 1111 1745 separata
1145 1702 1380 1745 nuncupanda
1409 1709 1460 1736 est
1495 1704 1595 1736 actio.
1648 1703 1724 1735 Non
1751 1704 1863 1744 enim,
1905 1708 1944 1735 ut
1972 1712 2076 1745 supra
2104 1702 2243 1735 uberius

201 1771 528 1814 demonstravimus,
557 1771 677 1805 Aiacis
703 1781 793 1803 mors
820 1781 932 1813 poena
960 1770 1098 1805 deorum
1127 1775 1263 1804 tantum
1291 1776 1375 1812 erat,
1402 1770 1461 1803 sed
1492 1771 1689 1804 voluntarie
1718 1772 1881 1811 conscita,
1911 1780 2011 1812 quae,
2039 1769 2130 1811 quod
2162 1771 2241 1801 item

198 1839 391 1882 explanare
415 1838 623 1879 studuimus,
651 1837 760 1871 altera
786 1837 917 1871 mulcta
943 1837 1118 1880 expianda
1145 1843 1228 1871 erat.
1267 1837 1364 1879 Quae
1391 1847 1502 1879 poena
1527 1838 1636 1870 Aiace
1664 1842 1799 1870 mortuo
1827 1837 1916 1869 nihil
1942 1846 2016 1869 esse
2044 1837 2155 1878 potuit
2177 1838 2241 1867 nisi

194 1905 399 1949 sepulturae
426 1905 640 1940 detrectatio.
677 1904 731 1939 Ob
757 1915 833 1939 eam
862 1915 966 1938 unam
992 1915 1150 1940 caussam
1178 1904 1366 1948 Sophocles
1391 1904 1546 1938 fabulam
1574 1906 1648 1938 iure
1676 1903 1852 1948 produxit.
1888 1904 1995 1937 Porro
2022 1904 2099 1936 iura
2125 1904 2242 1946 sepul-

198 1979 297 2009 turae
311 1975 533 2008 sanctissima
561 1972 684 2007 habita
699 1972 806 2007 fuisse
832 1973 925 2016 apud
946 1976 1076 2016 priscas
1103 1979 1235 2017 gentes,
1254 1975 1333 2016 quis
1351 1977 1412 2014 est,
1428 1974 1488 2015 qui
1517 1972 1673 2006 nesciat?
1701 1971 1768 2014 Qui
1796 1971 2002 2015 privabatur
2023 1971 2086 2004 hoc
2104 1970 2241 2023 honore7

144 2050 150 2063 ·
194 2047 237 2075 ut
263 2041 416 2075 nefarius
445 2041 577 2088 divinis
613 2041 847 2085 humanisque
875 2042 1010 2076 iuribus
1045 2043 1206 2076 omnibus
1240 2040 1406 2084 indignus
1432 2046 1466 2073 et
1500 2042 1575 2083 ipsa
1604 2041 1727 2074 umbra
1764 2041 1861 2074 illius
1889 2040 1985 2073 nulla
2023 2041 2141 2082 quiete
2172 2039 2240 2071 frui

199 2118 297 2152 posse
325 2109 541 2143 censebatur.

424 2179 592 2208 Attamen
618 2177 646 2208 si
674 2177 729 2209 cui
759 2175 813 2208 his
840 2177 996 2217 probatis
1022 2175 1205 2208 altercatio
1221 2175 1348 2208 Teucri
1374 2182 1408 2208 et
1437 2175 1638 2207 Atridarum
1666 2176 1770 2207 nimis
1796 2180 1939 2207 extensa
1966 2174 2136 2213 videatur,
2158 2182 2241 2206 cou-

168 2271 170 2273 -
192 2243 325 2279 sideret
349 2253 491 2288 quaeso,
510 2243 573 2278 hoc
600 2242 766 2287 litigandi
794 2241 950 2277 studium
978 2244 1013 2276 in
1039 2242 1254 2286 tragoediam
1283 2253 1300 2276 e
1325 2244 1399 2276 vita
1416 2242 1696 2284 Atheniensium,
1725 2242 1904 2276 hominum
1928 2243 2242 2276 omniummaxiine

198 2310 450 2354 litigiosorum,
491 2311 687 2353 irrepsisse,
726 2309 945 2351 eandemque
971 2314 1005 2342 et
1032 2311 1326 2352 vituperationem
1353 2315 1385 2343 et
1422 2311 1681 2351 excusationem
1709 2309 1858 2349 habere,
1899 2319 2003 2352 quarn
2032 2310 2065 2341 in
2096 2310 2242 2342 aliorum

198 2378 407 2422 populorum
435 2380 569 2422 tragica
604 2379 698 2421 poesi
732 2378 814 2410 aliis
851 2377 1062 2420 quibusdam
1091 2379 1190 2410 vitiis
1217 2378 1466 2419 adhibeamus,
1502 2379 1610 2410 simili
1638 2380 1771 2412 ratione
1808 2389 1849 2411 ex
1879 2380 2011 2420 ingenii
2039 2388 2243 2418 morumque

194 2456 317 2482 eorum
342 2453 469 2482 natura
495 2449 590 2482 ortis.
619 2491 621 2493 Ι

424 2514 536 2558 Atqui
563 2516 667 2548 etiam
701 2514 787 2547 llaec
813 2513 1019 2555 disceptatio
1055 2512 1098 2545 ad
1136 2522 1304 2545 summam
1332 2513 1532 2556 tragoediae
1560 2515 1767 2547 sententiam
1802 2518 1945 2555 spectat.
1997 2512 2179 2545 Menelaus
2208 2523 2246 2545 eo

197 2582 355 2626 procedit
389 2584 566 2625 insaniae,
602 2588 641 2616 ut
675 2588 780 2616 antea
810 2581 950 2614 Aiacem
976 2579 1212 2622 superbiisse,
1251 2591 1343 2614 nunc
1377 2591 1459 2615 vero
1486 2582 1547 2614 illo
1586 2587 1719 2614 mortuo
1745 2582 1813 2614 sibi
1854 2581 1955 2614 licere
1982 2589 2057 2613 esse
2094 2582 2247 2622 superbo

199 2651 378 2693 glorietur.
430 2651 648 2693 Agamemno
675 2659 826 2692 quoque,
851 2658 929 2681 cum
956 2649 1028 2680 irae
1055 2657 1213 2680 caussam
1241 2648 1309 2680 sibi
1327 2649 1454 2681 iustam
1483 2648 1745 2689 demonstraret,
1773 2648 1994 2687 arrogantius
2022 2652 2055 2679 ct
2084 2647 2250 2680 acerbius

198 2718 366 2763 loquitur.
417 2719 600 2763 Sapienter
628 2718 716 2753 llaec
743 2718 896 2751 instituit
923 2716 1122 2760 Sophocles.
1173 2715 1345 2759 Superbia
1371 2723 1406 2750 et
1441 2719 1641 2761 arrogantia
1669 2715 1762 2750 nihil
1790 2716 2003 2759 perpetrari,
2036 2721 2158 2749 curant
2189 2715 2250 2750 dii.

198 2786 316 2821 Etiam
347 2789 456 2832 igitur
480 2787 623 2820 Atridas
651 2786 698 2829 id,
727 2785 818 2830 quod
851 2789 1009 2828 poscunt,
1037 2785 1179 2818 minime
1203 2786 1341 2827 assequi
1370 2795 1507 2818 neeesse
1538 2790 1601 2820 est.
1653 2785 1746 2818 Aiax
1774 2783 1960 2827 sepelitur,
1989 2782 2109 2817 sabula
2137 2782 2250 2819 finita,

1849 2863 2134 2904 Hukestein
