2461 3176
1234 113 1290 184 ις

750 251 793 311 ’ω
820 274 911 319 παῖ,
941 271 1085 326 γένοιο
1116 266 1294 324 πατρὸς.
1302 249 1616 329 εῧτυχέστιρρξ,

743 332 798 376 τά
827 331 868 376 δ
899 331 990 377 ἄλλ’
1020 332 1184 389 ὅμοιος,
1214 335 1286 378 και
1313 338 1435 394 γενοι
1473 334 1530 378 ἂν
1560 353 1612 380 ου
1641 334 1781 386 κακός.
1789 336 1811 392 ’)

460 410 581 448 Aiacis
605 413 697 446 enim
731 413 934 456 ingenium,
961 411 1067 455 quale
1101 417 1191 455 erat,
1227 414 1464 466 poenitentiae
1502 415 1716 453 inaccessum
1746 424 1824 450 esse
1849 415 2012 452 debebat.
2015 415 2042 462 ¹)
2091 391 2279 473 Gruppeus

231 477 377 514 tortasse
403 479 521 514 dolum
548 479 667 515 Aiacis
692 481 809 514 animo
844 478 1026 524 indolique
1050 489 1250 530 repugnare
1287 480 1391 516 vult?
1440 480 1499 517 At
1521 492 1633 529 quare
1667 470 1852 519 consilium
1878 483 2022 519 Atridas
2060 475 2278 522 clandestina

233 553 342 582 morte
368 548 574 584 conficiendi
612 558 681 582 non
716 548 924 592 vituperat?
975 548 1065 583 Num
1101 548 1165 584 hoc
1190 550 1347 584 moribus
1372 549 1589 585 Telamonii
1606 555 1876 586 consentaneum
1912 551 1991 587 est?
2042 552 2085 588 Et
2111 554 2279 597 respicias

232 618 339 652 velim
355 618 540 661 perspicua
564 616 626 651 illa
644 616 763 659 verba,
781 626 872 660 quae
884 616 1023 651 Orestes
1042 616 1268 659 Sophoclem,
1288 617 1390 653 homo
1404 618 1682 667 honestissimus,
1701 620 1738 654 in
1753 618 1891 655 Electra
1910 619 2065 665 rabum)
2085 622 2278 665 eloquitur:

745 682 864 727 δοκῶ
894 687 978 738 μὲν
1008 681 1140 727 οὐδὲν
1169 688 1284 740 ῥῆμα
1314 683 1400 728 σύν,
1427 683 1564 741 κέρδει
1593 683 1739 730 κακόν.

460 763 527 796 His
552 764 656 796 rebus
683 764 834 805 cognitis
861 762 952 795 nihil
979 763 1044 795 hoc
1070 763 1145 795 loco
1172 762 1216 794 ad
1243 761 1552 796 demonstrandam
1566 763 1752 806 Sophoclis
1778 769 1887 797 artem
1914 764 2111 808 adnuimus,
2137 767 2204 799 nisi
2223 775 2280 808 ea,

231 837 322 873 quae
339 828 568 865 Wuellnerus
594 829 829 864 consideravit
847 830 1002 879 optime:
1030 828 1183 872 „Zudem
1211 829 1364 874 spiegelt
1390 829 1447 865 die
1462 827 1538 864 List
1564 829 1626 865 des
1638 829 1733 875 Ajax
1758 830 1835 866 elne
1863 830 2279 871 viell'acherscheineude

230 897 446 941 Tiiuschung
469 897 530 931 der
555 897 666 930 Natur
702 898 746 931 ab
773 896 843 930 und
870 896 1014 940 ergreil‘t
1039 896 1194 930 dadurch
1234 904 1337 933 unser
1365 896 1518 932 Gemiith
1554 907 1613 932 um
1639 908 1678 932 so
1695 898 1819 935 .mehr‹.
1872 899 1943 934 Der
1968 898 2112 934 Kranlre
2136 900 2279 937 scheint

229 965 281 999 oft
293 976 356 1000 vor
379 965 456 1000 dem
471 965 599 1000 letzten
620 965 795 999 Momente
812 974 961 1008 genesen
982 974 1026 997 zu
1044 964 1139 1007 sein3
1166 964 1244 1000 dem
1265 965 1394 999 letzten
1410 965 1689 1000 vernichtendeu
1709 966 1847 1001 sturme
1872 967 1956 1011 geht
1974 970 2031 1002 ein
2046 969 2279 1012 triigerischer

235 1033 474 1071 Sonuenbliek
509 1032 646 1070 vorher.
696 1031 792 1068 Aber
818 1034 885 1068 wie
912 1032 971 1068 der
996 1032 1141 1067 Kranke
1176 1035 1212 1067 in
1240 1033 1300 1068 der
1324 1033 1769 1079 scheinbaren-Genesung
1802 1036 1876 1069 sein
1911 1035 2020 1071 nahes
2047 1036 2145 1072 Ende
2175 1036 2279 1081 fiihlt,

171 1127 174 1130 -
229 1102 306 1137 sich
327 1103 410 1136 aber
435 1101 491 1135 die
518 1101 680 1136 liebende
708 1100 920 1144 Umgebung
946 1110 1030 1144 geru
1058 1101 1220 1143 tiiuschts
1236 1111 1273 1134 so
1299 1101 1439 1136 tauseht
1466 1101 1541 1136 hier
1566 1101 1660 1147 AJsx
1685 1103 1749 1137 mit
1775 1102 2026 1146 Bewusstseim
2074 1105 2159 1140 aber
2182 1106 2278 1150 selue

233 1170 394 1204 Freunde
420 1170 562 1203 merken
588 1169 651 1201 das
677 1168 911 1211 Triigerischo
938 1168 1107 1211 nicht.“⁴)

460 1236 647 1280 Duplicem
674 1241 790 1271 autem
818 1236 928 1271 verba
954 1235 1018 1270 illa
1043 1236 1210 1280 ambigua
1236 1237 1425 1272 utilitatem
1450 1236 1592 1272 fabulae
1618 1242 1812 1281 praestant.
1863 1239 2020 1274 Primum
2049 1238 2103 1281 id,
2133 1239 2226 1283 quod
2253 1251 2274 1274 a

229 1306 408 1349 plerisque
435 1315 504 1339 non
532 1307 694 1346 cernitur,
719 1305 843 1338 saltem
872 1314 940 1338 non
967 1304 1113 1338 dicitur:
1141 1304 1286 1338 Aiacem
1312 1305 1413 1338 nobis
1440 1305 1490 1337 ita
1519 1305 1694 1339 *afflictum
1731 1308 1832 1349 poeta
1857 1308 2030 1350 proponit,
2058 1312 2096 1340 ut
2121 1316 2167 1343 eo.
2189 1311 2279 1342 tem-

235 1376 330 1418 poris
356 1378 540 1415 momento,
567 1383 675 1416 quum
701 1383 874 1407 summum
901 1373 969 1406 sibi
995 1372 1171 1415 honorem,
1198 1376 1258 1415 qui
1287 1384 1354 1407 non
1378 1374 1414 1406 in
1429 1373 1624 1408 calliditate
1651 1379 1686 1407 et
1710 1374 1909 1417 prudentia,
1934 1375 2047 1408 sedin
2074 1364 2278 1411 fortitudine

232 1442 309 1476 sola
334 1443 425 1476 situs
451 1445 562 1482 esset,
601 1440 738 1474 firmare
762 1440 917 1484 studuit,
952 1442 1063 1484 ipsam
1090 1439 1160 1474 fere
1188 1440 1301 1474 herois
1327 1441 1395 1475 sibi
1422 1442 1627 1486 impressam
1654 1443 1804 1486 speciem
1839 1442 1929 1477 male
1957 1442 2114 1478 deserere
2139 1448 2278 1480 coactus

230 1512 288 1545 sit.
325 1510 414 1543 Tum
443 1514 558 1544 autem
585 1520 723 1544 scenam
750 1510 849 1543 illam
877 1520 957 1543 vere
985 1512 1154 1552 tragicam
1180 1508 1305 1550 reddit,
1332 1519 1402 1552 qua
1429 1509 1554 1543 chorus
1582 1520 1736 1544 summae
1764 1511 1921 1545 laetitiae
1949 1511 2137 1555 indulgens
2155 1514 2278 1547 miser-

229 1581 316 1614 rime
342 1578 488 1613 fallitur.
529 1578 678 1622 Legenti
704 1580 859 1612 maxima
889 1578 1067 1612 inducitur
1094 1576 1344 1620 misericordia,
1371 1577 1452 1611 dum
1479 1578 1617 1621 laqueis
1642 1580 1876 1622 gravissimae
1901 1579 2114 1613 calamitatis
2134 1581 2278 1614 iamiam

230 1648 384 1683 irretitos
421 1645 551 1691 gaudio
578 1646 815 1690 exsultantes,
855 1647 947 1680 laeto
974 1645 1076 1680 vultu
1102 1645 1291 1688 saltantes,
1326 1649 1433 1679 semet
1472 1647 1588 1689 ipsum
1613 1647 1724 1680 tristis
1757 1652 1904 1680 eventus
1930 1648 2079 1681 scientia
2116 1649 2276 1683 territum

236 1716 353 1758 videt3
379 1715 487 1756 videt,
513 1715 585 1748 illis
611 1717 708 1758 ipsis,
737 1717 798 1758 qui
828 1715 958 1749 hilares
985 1715 1188 1757 alacresque
1216 1719 1339 1748 cantus
1365 1716 1504 1757 copiose
1531 1713 1719 1756 effundant,
1749 1716 1907 1756 protinus
1933 1716 2025 1748 tristi
2052 1717 2177 1749 nuntio
2197 1725 2278 1758 per—

234 1784 339 1819 culsis
366 1793 485 1817 vocem
511 1782 671 1817 saucibus
706 1782 891 1817 haesuram
921 1792 1006 1817 esse.
1057 1782 1150 1816 Falli
1178 1793 1236 1825 se,
1273 1782 1424 1817 clamare
1451 1782 1641 1827 vellemus3
1667 1792 1686 1817 e
1711 1782 1854 1817 sedibus
1880 1782 2098 1817 tabernaculi
2124 1785 2277 1819 excitare

232 1852 450 1887 Tecmessam
476 1851 657 1894 vellemus,
674 1862 766 1894 quae
793 1852 1034 1886 discriminum
1061 1851 1164 1885 undis
1191 1857 1347 1894 ereptam
1374 1862 1411 1885 se
1435 1855 1512 1884 rata
1538 1853 1687 1894 respirat
1703 1851 1922 1894 filiolumque
1950 1853 2080 1894 pectori
2098 1854 2276 1895 apprimit,

232 1919 421 1954 lacrimans
458 1924 626 1962 tanquam
670 1920 716 1961 is,
750 1921 810 1963 qni
839 1918 1012 1960 naufragii
1040 1919 1195 1962 periculo
1222 1924 1364 1954 evectus
1387 1919 1519 1962 lucem,
1557 1919 1687 1962 silvas,
1727 1926 1853 1953 terram
1881 1919 1963 1955 fletu
1989 1920 2133 1957 salutat.
2184 1919 2277 1964 Quid

231 1988 415 2022 Salaminii
441 1989 619 2022 cantatis?
646 1988 730 2031 quid
757 2000 838 2032 prae
857 1989 988 2032 gaudio
1012 1990 1173 2023 lacrimas
1192 1987 1435 2033 Teemessa‘?⁵)
1468 1989 1543 2022 Iam
1561 1988 1702 2031 gladius
1728 1995 1839 2021 terrae
1867 1989 1995 2022 infixus
2022 1995 2083 2030 est,
2111 1991 2146 2022 in
2168 1999 2272 2031 quem

234 2057 408 2090 irruturus
428 2060 481 2090 cst
509 2057 581 2099 vir,
619 2057 679 2100 qui
706 2067 769 2091 vos
794 2058 904 2093 socios
931 2056 1072 2099 fideles,
1108 2060 1140 2091 te
1167 2065 1311 2091 uxorem
1339 2056 1616 2090 amantissimam
1643 2055 1795 2100 negligit
1824 2057 2073 2100 postponitque
2100 2056 2276 2091 voluntati

230 2134 315 2158 suae
340 2124 485 2166 rigidae,
504 2135 575 2167 qua
602 2124 726 2158 duetus
745 2125 870 2158 officiis
896 2134 980 2167 erga
996 2135 1058 2158 vos
1084 2124 1263 2158 solvendis
1280 2124 1495 2166 supersedet.
1534 2124 1616 2166 Ipso
1642 2123 1708 2157 hoc
1728 2129 1882 2166 tempore
1906 2123 2056 2157 reditum
2072 2126 2107 2156 in
2127 2125 2277 2168 patriam

231 2191 415 2227 recludens
442 2202 505 2226 vos
531 2194 685 2227 inimicis
710 2192 990 2237 durissimaeque
1016 2194 1178 2227 servituti
1205 2192 1391 2227 relicturus
1417 2198 1480 2228 est.
1527 2192 1600 2227 Soli
1626 2193 1695 2226 sibi
1722 2194 1789 2235 ipsi
1819 2192 1991 2235 consulit3
2026 2192 2113 2236 quid
2138 2192 2278 2235 parvuli

231 2268 294 2292 vos
320 2261 363 2293 ad
390 2269 490 2293 eum:
518 2265 673 2294 tenacem
702 2262 872 2303 propositi
900 2262 1014 2293 virum
1043 2260 1271 2294 familiarium
1299 2269 1410 2303 parva
1436 2260 1632 2294 iubentium
1661 2259 1817 2294 condicio
1843 2269 1910 2293 non
1938 2264 2064 2301 movet,
2093 2260 2198 2293 etiam
2228 2261 2278 2302 „si

462 2401 469 2422 1
674 2421 720 2425 —
2206 2390 2220 2412 κ

462 2402 508 2516 :3
516 2412 574 2483 {ty
585 2401 692 2483 0553.
719 2401 879 2482 515uleller.
932 2448 1145 2482 Geschichtc
1177 2447 1236 2482 der
1264 2448 1396 2491 griech.
1424 2448 1547 2482 Litter.
1575 2449 1728 2482 11.129.

461 2497 493 2592 *ζ
518 2498 711 2582 {Vuilllnen
761 2544 929 2580 Zeitschr
957 2545 979 2579 f
1006 2545 1141 2580 Philos.
1169 2546 1239 2579 und
1267 2546 1366 2580 kath.
1392 2544 1514 2578 Theol.
1569 2545 1681 2586 Bonn,
1711 2547 1813 2580 1842.
1844 2557 1876 2589 p.
1904 2548 1959 2580 ⁶22.

463 2594 489 2638 ⁵)
519 2594 559 2628 cs
586 2594 738 2635 Liibker,
768 2604 818 2636 pr.
846 2592 1021 2626 Parchim.
1052 2594 1156 2634 1853,
1181 2603 1213 2636 p.
1243 2595 1308 2626 27:
1339 2593 1429 2636 „Die
1459 2593 1585 2627 beiden
1612 2592 1741 2626 letzten
1768 2593 1900 2627 Scenen
1927 2595 2002 2638 (vv,
2030 2592 2218 2626 646—692
2247 2594 2282 2625 et
2350 2596 2363 2601 ‘

234 2655 294 2680 vv.
321 2644 437 2678 693—
442 2641 526 2687 717)
552 2641 629 2676 sind
657 2641 842 2677 besonders
867 2640 1178 2676 charakteristisch
1205 2641 1259 2675 fiir
1287 2618 1356 2676 die„
1369 2639 1631 2683 sophocleisehe
1659 2639 1794 2677 Poesie.
1836 2642 1913 2675 Der
1932 2640 2087 2683 Menseh,
2115 2639 2204 2674 auch
2223 2638 2283 2673 der

235 2695 371 2736 grosste
398 2692 468 2726 und
495 2691 715 2735 gewaltigste
743 2690 815 2724 und
842 2691 877 2722 in
903 2688 969 2722 den
996 2690 1236 2733 gehobensten
1262 2690 1462 2724 Momenten
1491 2691 1606 2724 seines
1631 2689 1785 2723 Daseins
1811 2689 1939 2733 gerade
1961 2700 2016 2723 am
2043 2690 2202 2730 meisten,
2228 2697 2284 2721 er-

234 2740 371 2774 scheint
394 2739 604 2775 beschra’nkt
629 2738 700 2772 und
727 2738 838 2773 blind.
878 2737 938 2784 [Je
965 2737 1073 2771 seiner
1100 2737 1171 2770 und
1197 2739 1397 2782 iiberlegter
1419 2736 1514 2780 AJax
1542 2739 1638 2771 selue
1666 2735 1699 2770 U
1690 2738 1879 2781 mgebung
1905 2748 1947 2771 zu
1975 2736 2143 2772 tiiuschen
2170 2734 2284 2777 sucht,

234 2788 334 2822 desto
360 2788 459 2823 mehr
484 2787 623 2830 schliigt
651 2787 710 2820 ihn
737 2786 794 2821 die
814 2787 931 2820 Ironie
958 2785 1018 2820 der
1046 2787 1192 2829 eigenen
1222 2786 1362 2831 Wort03
1389 2784 1449 2818 der
1474 2784 1585 2819 Mann
1614 2785 1677 2819 der
1691 2785 1840 2828 Thaten‚
1867 2792 1964 2820 sonst
1990 2784 2219 2827 schweigsam
2247 2784 2284 2815 in

235 2835 296 2870 der
310 2836 414 2879 Rede‚
442 2838 518 2870 tritt
546 2845 610 2868 aus
635 2836 748 2870 seiner
764 2834 865 2869 Rolle
893 2833 963 2868 und
986 2834 1072 2868 wird
1100 2844 1145 2867 an
1162 2833 1306 2869 Worten
1334 2812 1456 2878 reich.]
1496 2833 1541 2868 Je
1570 2833 1832 2877 unbefangener
1857 2833 1932 2868 sich
1958 2833 2014 2867 die
2027 2832 2123 2867 alten
2136 2831 2284 2875 Kriegs-

235 2884 420 2928 ges'a'hrten
452 2884 546 2920 ihrer
566 2882 701 2918 Frende
728 2883 942 2926 iiberlassen,
971 2883 1069 2918 desto
1094 2882 1202 2918 niiher
1228 2885 1272 2917 ist
1302 2883 1408 2918 ihnen
1436 2882 1498 2917 das
1522 2882 1676 2918 schwerc
1704 2888 1932 2917 unerwartete
1960 2880 2166 2916 Geschick.“
