2461 3176
1204 111 1248 161 li

206 252 355 299 Votum
357 234 494 298 tamen,
520 218 612 295 quod
640 252 698 284 isti
724 260 817 306 nunc
830 255 1035 305 exposcunt,
1060 232 1204 295 minore,
1229 261 1300 294 qna
1327 261 1391 295 par
1416 257 1479 310 est,
1495 252 1727 301 temperantia
1744 250 1939 303 postulant.
1978 241 2104 296 Itaque
2129 241 2164 285 αι’
2182 250 2245 284 hos

206 318 261 363 id,
300 316 393 363 quod
419 320 563 362 petunt,
602 317 769 372 consequi
795 325 864 352 non
893 306 976 352 licet
999 306 1189 352 secundnm
1216 319 1385 361 poeticam
1418 327 1523 362 qnam
1558 311 1701 354 dieunt
1709 304 1883 367 iustitiam
1909 327 2028 371 nequo
2048 303 2244 366 secundum

208 387 321 433 leges,
341 396 429 431 quas
456 385 505 420 dii
531 384 589 420 vel
614 389 794 420 aeternum
820 384 937 429 illud
944 394 1074 421 numen
1098 384 1259 420 divinum
1284 387 1550 421 constituerunt.
1601 381 1712 428 Quem
1738 385 1783 420 ad
1812 368 1952 421 modum
1981 382 2077 420 Aiax
2112 369 2246 420 roboris

209 465 252 490 ac
278 455 405 488 virium
432 453 544 487 abusu
572 457 788 495 peccaverat,
816 454 865 486 ita
891 451 1038 487 Atridae
1063 457 1098 487 et
1124 452 1309 496 dignitatis
1333 458 1382 487 et
1394 455 1577 496 potestatis
1601 453 1716 491 abusu
1743 451 1931 497 peccant.¹)
1993 451 2149 490 Teucrus
2173 452 2247 486 fra-

206 527 297 557 trem
323 520 502 565 sepultura
528 521 661 564 privari
688 520 820 561 noluit,
857 519 1100 563 Atridaffine
1124 521 1348 565 sepeliretur,
1375 526 1572 554 vetuerunt.
1622 519 1781 564 Utraque
1807 522 2014 555 certantium
2039 530 2121 564 pars
2154 504 2247 554 ultra

208 578 296 625 fines
319 587 539 632 prudentiae,
566 588 833 630 moderationis,
874 588 1065 623 modestiae
1087 588 1371 633 proficiscuntur3
1404 588 1578 631 Teucrus,
1606 588 1697 632 quod
1734 588 1834 632 leges
1858 587 1939 622 illas
1964 588 2122 630 offendit,
2156 598 2247 632 quae

209 656 457 692 verecundiam
483 664 589 700 atque
614 656 852 691 obedientiam
879 668 961 701 erga
997 659 1172 701 principes
1200 658 1388 701 postulant,
1418 658 1592 700 Atridae,
1619 657 1713 701 qnod
1741 657 1854 700 legem
1880 658 2157 700 uniuscuiusque
2182 656 2248 691 ho-

210 725 316 759 minis
340 729 486 759 naturae
512 726 674 767 insitam,
708 734 798 768 quae
826 730 978 759 mortuos
1004 725 1145 769 sepeliri
1172 726 1267 767 vult,
1295 722 1588 769 praetermittunt.
1640 725 1683 759 Et
1711 727 1746 758 in
1774 725 1838 759 hoc
1863 730 1897 758 et
1919 726 1953 758 in
1982 724 2056 758 illis
2081 725 2247 769 superbia

207 798 287 828 erat
311 803 433 828 caussa
459 794 598 838 agendi.
649 794 776 837 Itaque
803 799 987 838 utramque
1021 800 1154 837 partem
1181 805 1309 837 poenas
1340 794 1422 828 darc
1449 804 1587 828 necesse
1613 800 1677 827 est.
1719 794 1873 828 Teucrus
1900 796 2044 836 punitur
2069 804 2126 834 eo,
2152 792 2245 835 quod

211 872 280 898 non
307 863 362 896 sui
388 863 500 906 ipsius
526 871 631 906 opera
656 860 772 902 efficit,
800 866 838 896 ut
862 861 967 896 frater
992 863 1131 907 sepeliri
1158 864 1276 907 possit,
1304 861 1450 897 Atridae
1476 872 1527 903 eo,
1555 861 1647 906 quod
1673 861 1766 895 Aiax
1795 872 1915 896 revera
1941 861 2121 906 sepelitur.
2159 861 2246 895 Dis-

208 932 341 966 crimen
367 935 495 972 autem,
522 930 615 974 quod
641 940 769 964 novam
798 931 1033 964 calamitatem
1053 931 1282 964 adducturum
1308 940 1383 964 esse.
1410 931 1608 973 videbatur,
1635 931 1711 964 sola
1737 932 1912 973 sapientia
1937 941 1977 964 ac
2002 931 2245 972 temperantia,
2275 956 2278 959 .

208 1009 319 1042 quam
346 1009 482 1043 semper
510 997 665 1034 habebat
699 997 840 1042 Ulixes,
882 998 996 1039 dirimi
1035 1004 1180 1043 poterat.
1230 998 1304 1033 Hoc
1337 1009 1418 1034 vero
1443 1000 1542 1033 exitu
1568 999 1694 1034 satisfit
1721 998 1810 1041 illis,
1849 999 1908 1042 qui
1934 998 1996 1032 illo
2022 1008 2091 1042 quo
2116 997 2167 1031 sas
2194 1002 2247 1031 est

209 1068 328 1101 animo
361 1077 414 1101 ros
441 1067 613 1101 humanas
648 1068 829 1101 intuentur
855 1072 960 1111 atque
986 1069 1183 1103 aestimant.
1232 1069 1357 1111 Itaque
1384 1079 1451 1102 non
1479 1068 1580 1102 modo
1613 1079 1655 1102 ex
1684 1069 1804 1103 Aiacis
1830 1069 1920 1101 tristi
1956 1069 2083 1108 exitio,
2124 1074 2245 1099 verum

209 1138 318 1172 etiam
344 1146 387 1172 ex
415 1146 473 1179 eo,
501 1134 593 1180 quod
622 1135 776 1170 Teucrus
802 1140 908 1180 atque
935 1135 1081 1170 Atridae
1107 1136 1203 1170 aliud
1232 1142 1419 1181 appetunt,
1456 1137 1554 1172 aliud
1581 1145 1833 1181 assequuntur,
1868 1137 1971 1181 plane
1997 1136 2126 1177 elucet,
2155 1142 2245 1178 quae
2306 1153 2313 1160 ·

207 1208 258 1240 sit
283 1205 424 1240 fabulae
450 1215 585 1238 summa
611 1206 796 1239 sententia.

438 1274 603 1308 Hominis
629 1274 685 1307 vis
720 1283 760 1307 ac
792 1274 905 1306 virtus
929 1272 1058 1307 finibus
1090 1272 1343 1309 concluduntur
1369 1276 1653 1319 angustioribus,
1693 1286 1799 1319 quam
1838 1277 1968 1309 virtute
1996 1276 2063 1308 viri
2096 1276 2244 1319 praediti

210 1344 367 1379 iudicare
394 1342 496 1377 facile
523 1345 678 1385 possunt.
728 1341 813 1376 Iura
839 1343 913 1376 eius
945 1351 1012 1375 non
1046 1347 1128 1376 sunt
1161 1342 1309 1378 infinita.
1359 1344 1440 1378 Suis
1477 1344 1669 1378 virtutibus
1703 1345 1875 1388 obnixus,
1915 1353 2100 1385 summam,
2140 1353 2244 1386 quam

213 1413 311 1455 petit,
337 1412 485 1455 speciem
512 1410 710 1454 perfectam,
735 1412 803 1443 nisi
831 1411 866 1443 vi
893 1420 962 1453 qua
988 1411 1117 1443 maiore
1143 1410 1343 1452 adiuvatur,
1362 1413 1503 1454 assequi
1529 1421 1597 1444 non
1624 1416 1747 1454 potest.
1788 1411 1994 1445 Persuasum
2015 1412 2082 1445 sibi
2104 1411 2244 1454 habeat,

211 1480 269 1512 ius
294 1489 335 1513 ac
373 1483 579 1521 potestatem
614 1478 765 1512 hominis
792 1479 932 1521 exiguis
970 1478 1098 1512 finibus
1124 1478 1310 1522 eontineri,
1351 1480 1465 1521 iisqne
1499 1479 1639 1512 modum
1680 1481 1879 1523 impositum
1921 1490 1994 1513 esse
2029 1489 2134 1523 quum
2171 1482 2245 1515 iure

212 1551 455 1590 potestateque
481 1546 647 1588 aliorum,
684 1546 893 1588 quibuscum
922 1548 1068 1580 societas
1095 1551 1147 1580 est
1173 1551 1207 1579 et
1233 1548 1432 1588 convictus,
1469 1553 1542 1580 tum
1571 1548 1728 1591 legibus,
1756 1559 1845 1591 quae
1872 1559 1984 1582 rerum
2012 1549 2245 1582 humanarum

208 1615 369 1650 ordinem
396 1603 585 1658 disponunt
611 1625 651 1649 ac
676 1614 910 1649 moderantur.
959 1614 1024 1648 Ille
1051 1619 1184 1655 autem,
1222 1616 1282 1658 qui
1310 1615 1503 1650 virtutibus
1530 1626 1635 1660 quam
1671 1618 1834 1651 maximis
1861 1627 1896 1652 se
1931 1616 2100 1652 excellere
2127 1616 2245 1657 sentit,

212 1685 274 1728 qui
302 1693 339 1717 se
365 1687 483 1717 contra
510 1693 646 1717 omnem
672 1684 745 1716 vim
772 1684 1035 1726 potentiamque
1054 1687 1166 1717 tutum
1193 1689 1298 1726 atque
1327 1685 1500 1717 munitum
1521 1695 1603 1731 *esse
1622 1684 1726 1719 facile
1752 1690 1864 1729 putat,
1891 1687 1921 1720 is
1947 1686 1990 1719 ad
2011 1683 2245 1723 insolentiam,

208 1754 476 1794 contumaciam,
504 1752 752 1796 arrogantiam,
780 1752 971 1792 fastidium,
1006 1753 1143 1785 inanem
1171 1754 1369 1795 superbiam
1397 1762 1590 1796 propensus
1616 1759 1689 1795 est,
1719 1764 1832 1797 neque
1858 1756 1939 1788 talis
1965 1758 2055 1789 inest
2080 1756 2112 1787 ei
2138 1762 2244 1791 mens,

212 1820 331 1866 qualis
351 1820 526 1856 hominem
553 1820 661 1857 decet.
717 1820 902 1855 Rationem
928 1829 996 1854 non
1023 1819 1128 1856 habet
1154 1821 1303 1865 illorum,
1331 1831 1420 1865 quae
1449 1821 1610 1856 Minerva
1637 1822 1701 1857 dea
1728 1822 1827 1858 Ulixi
1857 1825 1890 1857 in
1920 1829 2069 1858 mentem
2090 1830 2246 1859 revocat:

1204 1922 1214 1931 .
1245 1888 1490 1943 ὑπέρκοποι]

725 1956 866 2012 μηδέν
896 1955 992 2000 ποτ’
1022 1958 1135 2012 εἴπῃς
1164 1955 1290 2005 αι’τὸς
1319 1958 1374 2005 εὶς
1405 1955 1533 2005 θεοὺς
1563 1960 1676 2009 ἔπος,

723 2022 825 2077 μηδ’
856 2022 988 2079 ὄγκον
1018 2022 1120 2079 ἄρῃς
1150 2016 1325 2077 μηδέν’,Δ
1346 2023 1389 2076 εἴ
1410 2039 1525 2071 τινος
1554 2027 1685 2067 πλέον

723 2089 751 2142 ἢ
781 2090 891 2145 χειρὶ
919 2091 1090 2145 fiemus
1119 2088 1145 2144 ἢ
1174 2094 1342 2145 μακροῦ
1374 2087 1562 2132 πλούτου
1594 2088 1745 2144 βάθει.

726 2154 783 2203 ὠς
811 2154 949 2211 ἡμέρα
979 2157 1110 2199 κλίνει
1139 2173 1182 2198 τε
1212 2153 1385 2212 κάνάγει
1418 2153 1549 2198 πάλιν

724 2221 897 2264 ἅπαντα
926 2220 1249 2278 τάνθρώπειαέ)

442 2299 490 2334 Ut
516 2301 665 2343 primum
692 2306 809 2334 autem
829 2300 916 2334 fines
943 2301 1120 2344 migravit,
1134 2299 1257 2333 sceleri
1282 2299 1395 2333 scelus
1422 2298 1531 2340 addit,
1558 2299 1696 2343 culpam
1724 2303 1890 2336 caecitate
1919 2304 2042 2336 mentis
2071 2305 2249 2348 animique

213 2367 329 2401 furore
355 2372 461 2410 auget
486 2367 590 2409 culpa
616 2368 828 2410 insequenti.
868 2367 1019 2401 Sublimi
1045 2372 1160 2401 mente
1186 2367 1288 2401 homo
1313 2368 1487 2401 excellens
1513 2378 1617 2411 aegre
1644 2379 1681 2402 se
1706 2370 1848 2403 subiicit
1874 2380 1985 2412 neque
2013 2370 2103 2412 quod
2131 2373 2249 2405 evenit

212 2436 250 2470 ei
275 2434 416 2479 malum,
448 2434 576 2480 flagitii
604 2444 769 2479 poenam,
808 2436 964 2480 accipere
991 2435 1069 2469 vult
1095 2444 1208 2479 neque
1233 2435 1320 2479 pati.
1371 2435 1437 2478 lta,
1465 2446 1555 2480 quae
1582 2435 1741 2472 homines
1767 2448 1954 2482 eorumque
1982 2444 2090 2473 sortes
2115 2446 2250 2484 regunt,

216 2505 361 2537 numina
386 2504 539 2540 offendit.
578 2504 736 2548 Longius
761 2505 969 2548 prolabitur,
991 2509 1098 2548 atque
1123 2506 1239 2546 etiam,
1266 2514 1353 2547 quas
1379 2505 1472 2547 colit,
1490 2507 1638 2539 virtutes
1664 2507 1922 2541 contumeliosis
1949 2508 2051 2541 rebus
2084 2516 2251 2551 occaecat,

450 2679 475 2724 ¹)
501 2691 560 2716 vv.
590 2682 840 2716 1334—1335.
883 2680 1023 2713 Ulixes:

731 2726 833 2796 μηδ
864 2725 890 2782 ἦ
923 2729 1000 2783 βία
1031 2743 1076 2771 σε
1107 2736 1314 2796 (Auamenu
1321 2752 1341 2774 .›
1371 2727 1584 2784 μηδαμῶς
1615 2728 1832 2783 νικησάτω

448 2840 474 2885 2)
590 2844 655 2875 127
712 2782 907 2876 1ξιέσόνδε
936 2792 1092 2839 μισεῖν,
1123 2783 1229 2828 ὥστε
1260 2782 1340 2838 τήν
1375 2784 1501 2840 δίνην
1531 2794 1691 2829 πατεῖν

502 2852 559 2876 VV.
659 2860 706 2867 -
