<?xml version="1.0" encoding="UTF-8"?>
<!DOCTYPE html PUBLIC "-//W3C//DTD XHTML 1.0 Transitional//EN"
    "http://www.w3.org/TR/xhtml1/DTD/xhtml1-transitional.dtd">
<html xmlns="http://www.w3.org/1999/xhtml" xml:lang="en" lang="en">
 <head>
  <title>
</title>
<meta http-equiv="Content-Type" content="text/html;charset=utf-8" />
  <meta name='ocr-system' content='tesseract 3.04.00' />
  <meta name='ocr-capabilities' content='ocr_page ocr_carea ocr_par ocr_line ocrx_word'/>
</head>
<body>
  <div class='ocr_page' id='page_1' title='image "./4774711_0024.png"; bbox 0 0 2461 3176; ppageno 0'>
   <div class='ocr_carea' id='block_1_1' title="bbox 1217 81 1267 150">
    <p class='ocr_par' dir='ltr' id='par_1_1' title="bbox 1217 81 1267 150">
     <span class='ocr_line' id='line_1_1' title="bbox 1217 81 1267 150; baseline 0 0"><span class='ocrx_word' id='word_1_1' title='bbox 1217 81 1267 150; x_wconf 72' lang='lat'><strong>18</strong></span> 
     </span>
    </p>
   </div>
   <div class='ocr_carea' id='block_1_2' title="bbox 1132 161 1361 172">
    <p class='ocr_par' dir='ltr' id='par_1_2' title="bbox 1132 161 1361 172">
     <span class='ocr_line' id='line_1_2' title="bbox 1132 161 1361 172; baseline 0 3004"><span class='ocrx_word' id='word_1_2' title='bbox 1132 161 1361 172; x_wconf 95' lang='lat' dir='ltr'><strong> </strong></span> 
     </span>
    </p>
   </div>
   <div class='ocr_carea' id='block_1_3' title="bbox 162 231 2336 2660">
    <p class='ocr_par' dir='ltr' id='par_1_3' title="bbox 219 231 2336 487">
     <span class='ocr_line' id='line_1_3' title="bbox 220 231 2336 291; baseline 0 -16"><span class='ocrx_word' id='word_1_3' title='bbox 220 243 376 287; x_wconf 67' lang='lat' dir='ltr'><strong>animum</strong></span> <span class='ocrx_word' id='word_1_4' title='bbox 404 241 598 284; x_wconf 32' lang='lat' dir='ltr'><strong>advertas..</strong></span> <span class='ocrx_word' id='word_1_5' title='bbox 622 241 924 285; x_wconf 79' lang='lat' dir='ltr'><strong>Lepidequidem,</strong></span> <span class='ocrx_word' id='word_1_6' title='bbox 949 241 1009 274; x_wconf 83' lang='lat' dir='ltr'><strong>sed</strong></span> <span class='ocrx_word' id='word_1_7' title='bbox 1027 245 1148 284; x_wconf 86' lang='lat' dir='ltr'><strong>aperte</strong></span> <span class='ocrx_word' id='word_1_8' title='bbox 1174 241 1440 284; x_wconf 70' lang='lat' dir='ltr'>perspicuisque</span> <span class='ocrx_word' id='word_1_9' title='bbox 1463 241 1583 291; x_wconf 62' lang='lat' dir='ltr'><strong>verbis</strong></span> <span class='ocrx_word' id='word_1_10' title='bbox 1607 240 1665 275; x_wconf 84' lang='lat' dir='ltr'><strong>his</strong></span> <span class='ocrx_word' id='word_1_11' title='bbox 1678 231 1763 281; x_wconf 67' lang='lat' dir='ltr'><strong>locis</strong></span> <span class='ocrx_word' id='word_1_12' title='bbox 1778 243 1887 286; x_wconf 60' lang='grc' dir='ltr'><strong>Δροδεο</strong></span> <span class='ocrx_word' id='word_1_13' title='bbox 1907 237 2277 283; x_wconf 60' lang='grc' dir='ltr'><strong>ωᾶωκ,;ωοπαιι</strong></span> <span class='ocrx_word' id='word_1_14' title='bbox 2332 241 2336 246; x_wconf 85' lang='grc'><strong>“</strong></span> 
     </span>
     <span class='ocr_line' id='line_1_4' title="bbox 219 292 2320 356; baseline -0.001 -10"><span class='ocrx_word' id='word_1_15' title='bbox 219 300 343 356; x_wconf 68' lang='lat' dir='ltr'><strong>Aiacis</strong></span> <span class='ocrx_word' id='word_1_16' title='bbox 367 319 437 354; x_wconf 85' lang='lat' dir='ltr'><strong>non</strong></span> <span class='ocrx_word' id='word_1_17' title='bbox 462 319 712 353; x_wconf 35' lang='lat' dir='ltr'><strong>esserpoenam</strong></span> <span class='ocrx_word' id='word_1_18' title='bbox 740 309 940 351; x_wconf 77' lang='lat' dir='ltr'><strong>Minervae,</strong></span> <span class='ocrx_word' id='word_1_19' title='bbox 967 308 1026 342; x_wconf 85' lang='lat' dir='ltr'><strong>sed</strong></span> <span class='ocrx_word' id='word_1_20' title='bbox 1055 309 1309 351; x_wconf 76' lang='lat' dir='ltr'><strong>voluntariam,</strong></span> <span class='ocrx_word' id='word_1_21' title='bbox 1337 310 1850 353; x_wconf 68' lang='lat' dir='ltr'><strong>quamvis‘uaturaoquodam</strong></span> <span class='ocrx_word' id='word_1_22' title='bbox 1886 313 1987 343; x_wconf 66' lang='lat' dir='ltr'><strong>motvr</strong></span> <span class='ocrx_word' id='word_1_23' title='bbox 2003 292 2276 353; x_wconf 48' lang='lat' dir='ltr'><strong>atq&#39;uslndoiltss</strong></span> <span class='ocrx_word' id='word_1_24' title='bbox 2316 318 2320 320; x_wconf 69' lang='grc'><strong><em>’</em></strong></span> 
     </span>
     <span class='ocr_line' id='line_1_5' title="bbox 219 365 2275 420; baseline -0 -8"><span class='ocrx_word' id='word_1_25' title='bbox 219 374 417 412; x_wconf 68' lang='lat' dir='ltr'><strong>Telamonii</strong></span> <span class='ocrx_word' id='word_1_26' title='bbox 441 380 619 419; x_wconf 75' lang='lat' dir='ltr'><strong>coactam,</strong></span> <span class='ocrx_word' id='word_1_27' title='bbox 656 385 726 419; x_wconf 87' lang='lat' dir='ltr'><strong>qno</strong></span> <span class='ocrx_word' id='word_1_28' title='bbox 751 376 1004 420; x_wconf 75' lang='lat' dir='ltr'>intelligamus,</span> <span class='ocrx_word' id='word_1_29' title='bbox 1035 382 1252 418; x_wconf 78' lang='lat' dir='ltr'><strong>quantopere</strong></span> <span class='ocrx_word' id='word_1_30' title='bbox 1282 375 1376 409; x_wconf 74' lang='lat' dir='ltr'><strong>Atax</strong></span> <span class='ocrx_word' id='word_1_31' title='bbox 1403 375 1515 419; x_wconf 80' lang='lat' dir='ltr'><strong>leges,</strong></span> <span class='ocrx_word' id='word_1_32' title='bbox 1545 385 1637 419; x_wconf 81' lang='lat' dir='ltr'><strong>quae</strong></span> <span class='ocrx_word' id='word_1_33' title='bbox 1663 375 1819 411; x_wconf 73' lang='lat' dir='ltr'><strong>familiae</strong></span> <span class='ocrx_word' id='word_1_34' title='bbox 1856 377 2056 410; x_wconf 64' lang='lat' dir='ltr'><strong>societatem</strong></span> <span class='ocrx_word' id='word_1_35' title='bbox 2087 365 2275 419; x_wconf 58' lang='lat' dir='ltr'><strong>offla-qao</strong></span> 
     </span>
     <span class='ocr_line' id='line_1_6' title="bbox 220 436 1269 487; baseline -0.005 -8"><span class='ocrx_word' id='word_1_36' title='bbox 220 449 343 479; x_wconf 82' lang='lat' dir='ltr'><strong>mutua</strong></span> <span class='ocrx_word' id='word_1_37' title='bbox 370 443 554 487; x_wconf 79' lang='lat' dir='ltr'><strong>definiunt,</strong></span> <span class='ocrx_word' id='word_1_38' title='bbox 581 448 709 478; x_wconf 86' lang='lat' dir='ltr'><strong>temere</strong></span> <span class='ocrx_word' id='word_1_39' title='bbox 734 443 888 481; x_wconf 80' lang='lat' dir='ltr'><strong>laeserit,</strong></span> <span class='ocrx_word' id='word_1_40' title='bbox 1264 436 1269 445; x_wconf 90' lang='lat'><strong><em>¹</em></strong></span> 
     </span>
    </p>

    <p class='ocr_par' dir='ltr' id='par_1_4' title="bbox 222 496 2275 624">
     <span class='ocr_line' id='line_1_7' title="bbox 453 496 2275 554; baseline -0.001 -9"><span class='ocrx_word' id='word_1_41' title='bbox 453 511 530 545; x_wconf 79' lang='lat' dir='ltr'><strong>Hac</strong></span> <span class='ocrx_word' id='word_1_42' title='bbox 553 496 672 544; x_wconf 80' lang='lat' dir='ltr'><strong>autem</strong></span> <span class='ocrx_word' id='word_1_43' title='bbox 698 510 903 544; x_wconf 88' lang='lat' dir='ltr'><strong>condicione</strong></span> <span class='ocrx_word' id='word_1_44' title='bbox 930 517 964 543; x_wconf 84' lang='lat' dir='ltr'><strong>et</strong></span> <span class='ocrx_word' id='word_1_45' title='bbox 979 511 1043 544; x_wconf 84' lang='lat' dir='ltr'><strong>hoc</strong></span> <span class='ocrx_word' id='word_1_46' title='bbox 1069 519 1138 542; x_wconf 94' lang='lat' dir='ltr'><strong>uno</strong></span> <span class='ocrx_word' id='word_1_47' title='bbox 1164 514 1300 542; x_wconf 86' lang='lat' dir='ltr'><strong>tantum</strong></span> <span class='ocrx_word' id='word_1_48' title='bbox 1318 508 1419 542; x_wconf 88' lang='lat' dir='ltr'><strong>modo</strong></span> <span class='ocrx_word' id='word_1_49' title='bbox 1446 510 1598 543; x_wconf 84' lang='lat' dir='ltr'><strong>naturali</strong></span> <span class='ocrx_word' id='word_1_50' title='bbox 1635 519 1794 544; x_wconf 84' lang='lat' dir='ltr'><strong>connexu</strong></span> <span class='ocrx_word' id='word_1_51' title='bbox 1824 511 1935 544; x_wconf 83' lang='lat' dir='ltr'><strong>altera</strong></span> <span class='ocrx_word' id='word_1_52' title='bbox 1963 509 2163 554; x_wconf 77' lang='lat' dir='ltr'><strong>tragoediae</strong></span> <span class='ocrx_word' id='word_1_53' title='bbox 2179 516 2275 553; x_wconf 68' lang='lat' dir='ltr'><strong>pus</strong></span> 
     </span>
     <span class='ocr_line' id='line_1_8' title="bbox 222 579 756 624; baseline 0.002 -9"><span class='ocrx_word' id='word_1_54' title='bbox 222 589 301 615; x_wconf 89' lang='lat' dir='ltr'><strong>cum</strong></span> <span class='ocrx_word' id='word_1_55' title='bbox 327 581 435 624; x_wconf 78' lang='lat' dir='ltr'>priori</span> <span class='ocrx_word' id='word_1_56' title='bbox 461 584 555 615; x_wconf 79' lang='lat' dir='ltr'><strong>arcte</strong></span> <span class='ocrx_word' id='word_1_57' title='bbox 581 579 756 616; x_wconf 75' lang='lat' dir='ltr'><strong>coalescit.</strong></span> 
     </span>
    </p>

    <p class='ocr_par' dir='ltr' id='par_1_5' title="bbox 162 646 2278 1501">
     <span class='ocr_line' id='line_1_9' title="bbox 438 646 2274 694; baseline -0.002 -12"><span class='ocrx_word' id='word_1_58' title='bbox 438 648 648 691; x_wconf 55' lang='lat' dir='ltr'><strong>,Unicuique</strong></span> <span class='ocrx_word' id='word_1_59' title='bbox 673 649 854 691; x_wconf 86' lang='lat' dir='ltr'><strong>probatur,</strong></span> <span class='ocrx_word' id='word_1_60' title='bbox 879 657 1028 689; x_wconf 78' lang='lat' dir='ltr'>scenam,</span> <span class='ocrx_word' id='word_1_61' title='bbox 1056 652 1245 690; x_wconf 81' lang='lat' dir='ltr'><strong>postquam</strong></span> <span class='ocrx_word' id='word_1_62' title='bbox 1256 647 1440 681; x_wconf 80' lang='lat' dir='ltr'><strong>Tecmessa</strong></span> <span class='ocrx_word' id='word_1_63' title='bbox 1455 651 1490 681; x_wconf 81' lang='lat' dir='ltr'><strong>et</strong></span> <span class='ocrx_word' id='word_1_64' title='bbox 1504 647 1629 681; x_wconf 84' lang='lat' dir='ltr'><strong>chorus</strong></span> <span class='ocrx_word' id='word_1_65' title='bbox 1658 646 1701 680; x_wconf 81' lang='lat' dir='ltr'><strong>ad</strong></span> <span class='ocrx_word' id='word_1_66' title='bbox 1728 647 2137 694; x_wconf 41' lang='lat' dir='ltr'><strong>quaerendum-Aiacem</strong></span> <span class='ocrx_word' id='word_1_67' title='bbox 2160 647 2274 689; x_wconf 66' lang='lat' dir='ltr'><strong>abiis-</strong></span> 
     </span>
     <span class='ocr_line' id='line_1_10' title="bbox 220 713 2272 758; baseline 0 -11"><span class='ocrx_word' id='word_1_68' title='bbox 220 719 307 756; x_wconf 81' lang='lat' dir='ltr'><strong>sent,</strong></span> <span class='ocrx_word' id='word_1_69' title='bbox 334 717 463 747; x_wconf 83' lang='lat' dir='ltr'><strong>mutari</strong></span> <span class='ocrx_word' id='word_1_70' title='bbox 490 716 685 757; x_wconf 72' lang='lat' dir='ltr'>oportuisse</span> <span class='ocrx_word' id='word_1_71' title='bbox 711 716 829 758; x_wconf 80' lang='lat' dir='ltr'><strong>(v.vv.</strong></span> <span class='ocrx_word' id='word_1_72' title='bbox 850 714 1065 757; x_wconf 64' lang='lat'>811-814).</span> <span class='ocrx_word' id='word_1_73' title='bbox 1105 713 1241 754; x_wconf 90' lang='lat' dir='ltr'><strong>Omnia,</strong></span> <span class='ocrx_word' id='word_1_74' title='bbox 1270 724 1360 756; x_wconf 85' lang='lat' dir='ltr'><strong>quae</strong></span> <span class='ocrx_word' id='word_1_75' title='bbox 1387 719 1467 747; x_wconf 85' lang='lat' dir='ltr'><strong>ante</strong></span> <span class='ocrx_word' id='word_1_76' title='bbox 1493 714 1714 757; x_wconf 73' lang='lat' dir='ltr'><strong>monolognm</strong></span> <span class='ocrx_word' id='word_1_77' title='bbox 1739 714 1838 747; x_wconf 87' lang='lat' dir='ltr'><strong>illum</strong></span> <span class='ocrx_word' id='word_1_78' title='bbox 1867 714 1987 747; x_wconf 85' lang='lat' dir='ltr'><strong>Aiacis</strong></span> <span class='ocrx_word' id='word_1_79' title='bbox 2015 716 2272 758; x_wconf 75' lang='lat' dir='ltr'><strong>antecesserint,</strong></span> 
     </span>
     <span class='ocr_line' id='line_1_11' title="bbox 220 782 2274 826; baseline 0.001 -11"><span class='ocrx_word' id='word_1_80' title='bbox 220 790 282 823; x_wconf 84' lang='lat' dir='ltr'><strong>pro</strong></span> <span class='ocrx_word' id='word_1_81' title='bbox 308 782 535 817; x_wconf 83' lang='lat' dir='ltr'><strong>tabernaculo</strong></span> <span class='ocrx_word' id='word_1_82' title='bbox 560 782 757 817; x_wconf 83' lang='lat' dir='ltr'><strong>Telamonii</strong></span> <span class='ocrx_word' id='word_1_83' title='bbox 784 788 885 826; x_wconf 83' lang='lat' dir='ltr'><strong>gesta.</strong></span> <span class='ocrx_word' id='word_1_84' title='bbox 910 793 1003 824; x_wconf 88' lang='lat' dir='ltr'><strong>esse,</strong></span> <span class='ocrx_word' id='word_1_85' title='bbox 1039 785 1129 817; x_wconf 79' lang='lat' dir='ltr'><strong>inter</strong></span> <span class='ocrx_word' id='word_1_86' title='bbox 1154 785 1247 816; x_wconf 75' lang='lat' dir='ltr'><strong>viros</strong></span> <span class='ocrx_word' id='word_1_87' title='bbox 1274 782 1391 817; x_wconf 87' lang='lat' dir='ltr'><strong>doctos</strong></span> <span class='ocrx_word' id='word_1_88' title='bbox 1418 788 1565 818; x_wconf 86' lang='lat' dir='ltr'><strong>constat.</strong></span> <span class='ocrx_word' id='word_1_89' title='bbox 1617 783 1764 816; x_wconf 77' lang='lat' dir='ltr'><strong>Miretur</strong></span> <span class='ocrx_word' id='word_1_90' title='bbox 1790 784 1941 825; x_wconf 80' lang='lat' dir='ltr'><strong>aliquis,</strong></span> <span class='ocrx_word' id='word_1_91' title='bbox 1970 783 2143 825; x_wconf 82' lang='lat' dir='ltr'><strong>triplicem</strong></span> <span class='ocrx_word' id='word_1_92' title='bbox 2172 784 2274 818; x_wconf 86' lang='lat' dir='ltr'><strong>illam</strong></span> 
     </span>
     <span class='ocr_line' id='line_1_12' title="bbox 221 848 2274 893; baseline 0.001 -11"><span class='ocrx_word' id='word_1_93' title='bbox 221 859 242 882; x_wconf 89' lang='lat' dir='ltr'><strong>a</strong></span> <span class='ocrx_word' id='word_1_94' title='bbox 268 848 543 883; x_wconf 83' lang='lat' dir='ltr'><strong>Franco-Gallis</strong></span> <span class='ocrx_word' id='word_1_95' title='bbox 569 849 661 883; x_wconf 86' lang='lat' dir='ltr'><strong>male</strong></span> <span class='ocrx_word' id='word_1_96' title='bbox 689 855 874 892; x_wconf 83' lang='lat' dir='ltr'><strong>receptam,</strong></span> <span class='ocrx_word' id='word_1_97' title='bbox 891 854 929 883; x_wconf 91' lang='lat' dir='ltr'><strong>ut</strong></span> <span class='ocrx_word' id='word_1_98' title='bbox 956 851 1007 882; x_wconf 82' lang='lat' dir='ltr'><strong>ita</strong></span> <span class='ocrx_word' id='word_1_99' title='bbox 1033 848 1157 888; x_wconf 81' lang='lat' dir='ltr'><strong>dicam,</strong></span> <span class='ocrx_word' id='word_1_100' title='bbox 1184 850 1355 883; x_wconf 86' lang='lat' dir='ltr'><strong>unitatem</strong></span> <span class='ocrx_word' id='word_1_101' title='bbox 1384 850 1583 891; x_wconf 79' lang='lat' dir='ltr'><strong>inspiciens,</strong></span> <span class='ocrx_word' id='word_1_102' title='bbox 1610 854 1644 883; x_wconf 88' lang='lat' dir='ltr'><strong>et</strong></span> <span class='ocrx_word' id='word_1_103' title='bbox 1669 850 1809 891; x_wconf 78' lang='lat' dir='ltr'><strong>dixerit,</strong></span> <span class='ocrx_word' id='word_1_104' title='bbox 1838 850 1933 892; x_wconf 75' lang='lat' dir='ltr'><strong>leges</strong></span> <span class='ocrx_word' id='word_1_105' title='bbox 1958 852 2113 884; x_wconf 87' lang='lat' dir='ltr'><strong>scenicas</strong></span> <span class='ocrx_word' id='word_1_106' title='bbox 2134 860 2274 893; x_wconf 85' lang='lat' dir='ltr'><strong>prorsus</strong></span> 
     </span>
     <span class='ocr_line' id='line_1_13' title="bbox 220 915 2273 960; baseline 0.001 -10"><span class='ocrx_word' id='word_1_107' title='bbox 220 925 241 949; x_wconf 85' lang='lat' dir='ltr'><strong>a</strong></span> <span class='ocrx_word' id='word_1_108' title='bbox 266 915 438 958; x_wconf 90' lang='lat' dir='ltr'><strong>Sophocle</strong></span> <span class='ocrx_word' id='word_1_109' title='bbox 466 916 635 959; x_wconf 71' lang='lat' dir='ltr'><strong>migratus</strong></span> <span class='ocrx_word' id='word_1_110' title='bbox 662 925 746 950; x_wconf 88' lang='lat' dir='ltr'><strong>esse.</strong></span> <span class='ocrx_word' id='word_1_111' title='bbox 798 915 888 949; x_wconf 84' lang='lat' dir='ltr'><strong>Sane</strong></span> <span class='ocrx_word' id='word_1_112' title='bbox 917 926 975 949; x_wconf 81' lang='lat' dir='ltr'><strong>eas</strong></span> <span class='ocrx_word' id='word_1_113' title='bbox 1001 915 1163 958; x_wconf 76' lang='lat' dir='ltr'><strong>reliquit!</strong></span> <span class='ocrx_word' id='word_1_114' title='bbox 1215 916 1262 949; x_wconf 89' lang='lat' dir='ltr'><strong>At</strong></span> <span class='ocrx_word' id='word_1_115' title='bbox 1289 923 1421 960; x_wconf 81' lang='lat' dir='ltr'><strong>quanta</strong></span> <span class='ocrx_word' id='word_1_116' title='bbox 1448 918 1547 957; x_wconf 86' lang='lat' dir='ltr'><strong>vitio,</strong></span> <span class='ocrx_word' id='word_1_117' title='bbox 1582 918 1611 949; x_wconf 76' lang='lat' dir='ltr'><strong>si</strong></span> <span class='ocrx_word' id='word_1_118' title='bbox 1640 918 1706 958; x_wconf 85' lang='lat' dir='ltr'><strong>vis,</strong></span> <span class='ocrx_word' id='word_1_119' title='bbox 1741 922 1921 951; x_wconf 88' lang='lat' dir='ltr'><strong>assecutus</strong></span> <span class='ocrx_word' id='word_1_120' title='bbox 1948 919 2018 952; x_wconf 82' lang='lat' dir='ltr'><strong>est!</strong></span> <span class='ocrx_word' id='word_1_121' title='bbox 2069 917 2273 960; x_wconf 77' lang='lat' dir='ltr'><strong>Videamus,</strong></span> 
     </span>
     <span class='ocr_line' id='line_1_14' title="bbox 221 971 2275 1032; baseline 0.001 -14"><span class='ocrx_word' id='word_1_122' title='bbox 221 993 312 1028; x_wconf 79' lang='lat' dir='ltr'><strong>quae</strong></span> <span class='ocrx_word' id='word_1_123' title='bbox 338 983 530 1019; x_wconf 77' lang='lat' dir='ltr'><strong>scholiasta</strong></span> <span class='ocrx_word' id='word_1_124' title='bbox 556 984 612 1018; x_wconf 82' lang='lat' dir='ltr'><strong>hic</strong></span> <span class='ocrx_word' id='word_1_125' title='bbox 637 991 772 1018; x_wconf 86' lang='lat' dir='ltr'><strong>monet:</strong></span> <span class='ocrx_word' id='word_1_126' title='bbox 805 972 1064 1030; x_wconf 82' lang='grc' dir='ltr'><strong><em>μετάκειται,</em></strong></span> <span class='ocrx_word' id='word_1_127' title='bbox 1102 986 1228 1027; x_wconf 85' lang='lat' dir='ltr'><strong>inquit,</strong></span> <span class='ocrx_word' id='word_1_128' title='bbox 1266 971 1292 1028; x_wconf 85' lang='grc' dir='ltr'><em>ἦ</em></span> <span class='ocrx_word' id='word_1_129' title='bbox 1323 972 1460 1030; x_wconf 75' lang='grc' dir='ltr'><em>σκηνή</em></span> <span class='ocrx_word' id='word_1_130' title='bbox 1490 975 1558 1018; x_wconf 82' lang='grc' dir='ltr'><strong>ἐπὶ</strong></span> <span class='ocrx_word' id='word_1_131' title='bbox 1589 974 1751 1030; x_wconf 81' lang='grc' dir='ltr'>ἐρήμου</span> <span class='ocrx_word' id='word_1_132' title='bbox 1781 973 1896 1024; x_wconf 86' lang='grc' dir='ltr'><em>τινὸς</em></span> <span class='ocrx_word' id='word_1_133' title='bbox 1924 977 2219 1032; x_wconf 74' lang='grc' dir='ltr'><em>χωρὶου,ἔ’νθα</em></span> <span class='ocrx_word' id='word_1_134' title='bbox 2248 975 2275 1020; x_wconf 78' lang='grc' dir='ltr'><em>ὅ</em></span> 
     </span>
     <span class='ocr_line' id='line_1_15' title="bbox 217 1040 2274 1100; baseline 0 -14"><span class='ocrx_word' id='word_1_135' title='bbox 217 1042 325 1092; x_wconf 72' lang='grc' dir='ltr'><strong>Αἶας</strong></span> <span class='ocrx_word' id='word_1_136' title='bbox 355 1041 599 1099; x_wconf 80' lang='grc' dir='ltr'><em>εὐτρεπίσας</em></span> <span class='ocrx_word' id='word_1_137' title='bbox 628 1041 678 1085; x_wconf 84' lang='grc' dir='ltr'>τὸ</span> <span class='ocrx_word' id='word_1_138' title='bbox 708 1043 843 1096; x_wconf 74' lang='grc' dir='ltr'><em>ξίφος,</em></span> <span class='ocrx_word' id='word_1_139' title='bbox 875 1042 999 1098; x_wconf 84' lang='grc' dir='ltr'><em>ῥῆσὶν</em></span> <span class='ocrx_word' id='word_1_140' title='bbox 1028 1058 1128 1084; x_wconf 88' lang='grc' dir='ltr'><em>τινα</em></span> <span class='ocrx_word' id='word_1_141' title='bbox 1158 1041 1240 1097; x_wconf 81' lang='grc' dir='ltr'><strong>πρὸ</strong></span> <span class='ocrx_word' id='word_1_142' title='bbox 1262 1046 1340 1086; x_wconf 79' lang='grc' dir='ltr'><strong>τοῦ</strong></span> <span class='ocrx_word' id='word_1_143' title='bbox 1371 1040 1571 1085; x_wconf 75' lang='grc' dir='ltr'><em>θανάτου</em></span> <span class='ocrx_word' id='word_1_144' title='bbox 1601 1046 1869 1099; x_wconf 74' lang='grc' dir='ltr'><em>προφέρεται,</em></span> <span class='ocrx_word' id='word_1_145' title='bbox 1899 1044 1986 1086; x_wconf 77' lang='grc' dir='ltr'><em>ἐπεὶ</em></span> <span class='ocrx_word' id='word_1_146' title='bbox 2016 1047 2181 1100; x_wconf 82' lang='grc' dir='ltr'><em>γελοῖον</em></span> <span class='ocrx_word' id='word_1_147' title='bbox 2203 1043 2274 1100; x_wconf 81' lang='grc' dir='ltr'><strong>ἦν,</strong></span> 
     </span>
     <span class='ocr_line' id='line_1_16' title="bbox 218 1107 2277 1165; baseline 0.001 -14"><span class='ocrx_word' id='word_1_148' title='bbox 218 1107 368 1165; x_wconf 77' lang='grc' dir='ltr'><em>κωφόν</em></span> <span class='ocrx_word' id='word_1_149' title='bbox 398 1107 642 1158; x_wconf 74' lang='grc' dir='ltr'><em>εἰςελθόντα</em></span> <span class='ocrx_word' id='word_1_150' title='bbox 680 1117 917 1163; x_wconf 76' lang='grc' dir='ltr'><em>περιπεσεῖν</em></span> <span class='ocrx_word' id='word_1_151' title='bbox 960 1114 1023 1165; x_wconf 76' lang='grc' dir='ltr'><strong>τῷ</strong></span> <span class='ocrx_word' id='word_1_152' title='bbox 1063 1111 1185 1165; x_wconf 76' lang='grc' dir='ltr'><em>ξίφει.</em></span> <span class='ocrx_word' id='word_1_153' title='bbox 1234 1108 1363 1152; x_wconf 75' lang='grc' dir='ltr'><em>’Ἐστι</em></span> <span class='ocrx_word' id='word_1_154' title='bbox 1404 1109 1452 1151; x_wconf 76' lang='grc' dir='ltr'><strong>δὲ</strong></span> <span class='ocrx_word' id='word_1_155' title='bbox 1492 1108 1545 1152; x_wconf 76' lang='grc' dir='ltr'><strong>τοὶ</strong></span> <span class='ocrx_word' id='word_1_156' title='bbox 1590 1116 1767 1153; x_wconf 83' lang='grc' dir='ltr'><em>τοιαῦτα</em></span> <span class='ocrx_word' id='word_1_157' title='bbox 1807 1109 1922 1163; x_wconf 76' lang='grc' dir='ltr'><em>παρά</em></span> <span class='ocrx_word' id='word_1_158' title='bbox 1961 1117 2066 1158; x_wconf 59' lang='grc' dir='ltr'><em>τοῖς</em></span> <span class='ocrx_word' id='word_1_159' title='bbox 2083 1113 2277 1159; x_wconf 83' lang='grc' dir='ltr'><em>παλαιοῖς</em></span> 
     </span>
     <span class='ocr_line' id='line_1_17' title="bbox 162 1174 2273 1234; baseline 0 -14"><span class='ocrx_word' id='word_1_160' title='bbox 162 1221 165 1224; x_wconf 77' lang='grc'>,</span> <span class='ocrx_word' id='word_1_161' title='bbox 220 1175 404 1220; x_wconf 68' lang='lat' dir='ltr'><strong>uncina·</strong></span> <span class='ocrx_word' id='word_1_162' title='bbox 435 1174 619 1222; x_wconf 79' lang='grc' dir='ltr'><em>εἰώθασι</em></span> <span class='ocrx_word' id='word_1_163' title='bbox 648 1174 733 1234; x_wconf 75' lang='grc' dir='ltr'><strong>γάρ</strong></span> <span class='ocrx_word' id='word_1_164' title='bbox 762 1175 815 1219; x_wconf 73' lang='grc' dir='ltr'><strong>τά</strong></span> <span class='ocrx_word' id='word_1_165' title='bbox 846 1180 1126 1234; x_wconf 77' lang='grc' dir='ltr'><em>πεπραγμένα</em></span> <span class='ocrx_word' id='word_1_166' title='bbox 1157 1174 1213 1218; x_wconf 76' lang='grc' dir='ltr'><strong>δι’</strong></span> <span class='ocrx_word' id='word_1_167' title='bbox 1244 1174 1442 1233; x_wconf 72' lang='grc' dir='ltr'><em>ἀγγέλων</em></span> <span class='ocrx_word' id='word_1_168' title='bbox 1472 1174 1770 1234; x_wconf 72' lang='grc' dir='ltr'><em>ἀπαγγέλλειν.</em></span> <span class='ocrx_word' id='word_1_169' title='bbox 1837 1179 1885 1220; x_wconf 90' lang='grc' dir='ltr'><strong>Τι’</strong></span> <span class='ocrx_word' id='word_1_170' title='bbox 1915 1176 1996 1220; x_wconf 83' lang='grc' dir='ltr'><strong>οὖν</strong></span> <span class='ocrx_word' id='word_1_171' title='bbox 2026 1175 2075 1220; x_wconf 79' lang='grc' dir='ltr'><strong>τὸ</strong></span> <span class='ocrx_word' id='word_1_172' title='bbox 2106 1178 2273 1229; x_wconf 82' lang='grc' dir='ltr'><em>αἶ’τιον,·</em></span> 
     </span>
     <span class='ocr_line' id='line_1_18' title="bbox 220 1241 2278 1303; baseline 0 -16"><span class='ocrx_word' id='word_1_173' title='bbox 220 1242 397 1288; x_wconf 59' lang='lat' dir='ltr'><strong>&lt;eadm</strong></span> <span class='ocrx_word' id='word_1_174' title='bbox 427 1241 645 1299; x_wconf 84' lang='grc' dir='ltr'><em>Αἰσχύλος</em></span> <span class='ocrx_word' id='word_1_175' title='bbox 674 1246 721 1286; x_wconf 77' lang='grc' dir='ltr'><strong>ἐν</strong></span> <span class='ocrx_word' id='word_1_176' title='bbox 753 1243 965 1300; x_wconf 85' lang='grc' dir='ltr'><em>Θρῄσσαις</em></span> <span class='ocrx_word' id='word_1_177' title='bbox 989 1243 1070 1299; x_wconf 77' lang='grc' dir='ltr'><strong>τήν</strong></span> <span class='ocrx_word' id='word_1_178' title='bbox 1100 1242 1320 1299; x_wconf 76' lang='grc' dir='ltr'><em>ἀναίρεσιν</em></span> <span class='ocrx_word' id='word_1_179' title='bbox 1351 1245 1536 1293; x_wconf 57' lang='lat' dir='ltr'><strong>Azanos-</strong></span> <span class='ocrx_word' id='word_1_180' title='bbox 1561 1243 1618 1287; x_wconf 75' lang='grc' dir='ltr'><strong>δι’</strong></span> <span class='ocrx_word' id='word_1_181' title='bbox 1648 1242 1837 1303; x_wconf 76' lang='grc' dir='ltr'><em>ἀγγέλου</em></span> <span class='ocrx_word' id='word_1_182' title='bbox 1867 1242 2142 1302; x_wconf 72' lang='grc' dir='ltr'><em>ἀπαγγείλας·</em></span> <span class='ocrx_word' id='word_1_183' title='bbox 2175 1244 2278 1293; x_wconf 80' lang='grc' dir='ltr'><em>ἴσως</em></span> 
     </span>
     <span class='ocr_line' id='line_1_19' title="bbox 220 1308 2277 1367; baseline 0 -14"><span class='ocrx_word' id='word_1_184' title='bbox 220 1308 300 1354; x_wconf 86' lang='grc' dir='ltr'><strong>οὖν</strong></span> <span class='ocrx_word' id='word_1_185' title='bbox 331 1317 605 1365; x_wconf 81' lang='grc' dir='ltr'><em>καινοτομεῖν</em></span> <span class='ocrx_word' id='word_1_186' title='bbox 634 1309 899 1365; x_wconf 83' lang='grc' dir='ltr'><em>βουλόμενος</em></span> <span class='ocrx_word' id='word_1_187' title='bbox 929 1312 1001 1353; x_wconf 86' lang='grc' dir='ltr'><strong>καὶ</strong></span> <span class='ocrx_word' id='word_1_188' title='bbox 1030 1310 1091 1364; x_wconf 82' lang='grc' dir='ltr'><strong>μὴ</strong></span> <span class='ocrx_word' id='word_1_189' title='bbox 1123 1314 1462 1354; x_wconf 79' lang='grc' dir='ltr'><em>κατακολουθεῖν</em></span> <span class='ocrx_word' id='word_1_190' title='bbox 1492 1320 1583 1359; x_wconf 87' lang='grc' dir='ltr'><em>τοῖς</em></span> <span class='ocrx_word' id='word_1_191' title='bbox 1613 1315 1757 1367; x_wconf 76' lang='grc' dir='ltr'><em>ἑτέρου</em></span> <span class='ocrx_word' id='word_1_192' title='bbox 1786 1310 1903 1359; x_wconf 75' lang='grc' dir='ltr'><em>τινός</em></span> <span class='ocrx_word' id='word_1_193' title='bbox 1918 1310 1990 1354; x_wconf 66' lang='grc' dir='ltr'><strong>ὑπ’</strong></span> <span class='ocrx_word' id='word_1_194' title='bbox 2020 1311 2126 1366; x_wconf 79' lang='grc' dir='ltr'><em>ὄψιν</em></span> <span class='ocrx_word' id='word_1_195' title='bbox 2144 1313 2277 1366; x_wconf 73' lang='grc' dir='ltr'><em>ἔθηκε</em></span> 
     </span>
     <span class='ocr_line' id='line_1_20' title="bbox 220 1375 2277 1439; baseline 0.002 -19"><span class='ocrx_word' id='word_1_196' title='bbox 220 1375 270 1421; x_wconf 86' lang='grc' dir='ltr'>τὸ</span> <span class='ocrx_word' id='word_1_197' title='bbox 300 1375 543 1437; x_wconf 76' lang='grc' dir='ltr'><em>δρώμενον,</em></span> <span class='ocrx_word' id='word_1_198' title='bbox 573 1376 601 1435; x_wconf 86' lang='grc' dir='ltr'>ἢ</span> <span class='ocrx_word' id='word_1_199' title='bbox 629 1381 798 1434; x_wconf 83' lang='grc' dir='ltr'><em>μᾶλλον</em></span> <span class='ocrx_word' id='word_1_200' title='bbox 836 1381 1030 1436; x_wconf 73' lang='grc' dir='ltr'><em>ἐκπλήξει</em></span> <span class='ocrx_word' id='word_1_201' title='bbox 1060 1376 1344 1435; x_wconf 80' lang='grc' dir='ltr'><em>βουλόμενος·</em></span> <span class='ocrx_word' id='word_1_202' title='bbox 1386 1377 1475 1435; x_wconf 78' lang='grc' dir='ltr'><em>εἰκῆ</em></span> <span class='ocrx_word' id='word_1_203' title='bbox 1504 1376 1588 1439; x_wconf 74' lang='grc' dir='ltr'><strong>γάρ</strong></span> <span class='ocrx_word' id='word_1_204' title='bbox 1618 1385 1870 1437; x_wconf 79' lang='grc' dir='ltr'><em>κατηγορεῖν</em></span> <span class='ocrx_word' id='word_1_205' title='bbox 1901 1376 2059 1436; x_wconf 75' lang='grc' dir='ltr'><em>ἀνδρὸς</em></span> <span class='ocrx_word' id='word_1_206' title='bbox 2090 1382 2277 1424; x_wconf 81' lang='grc' dir='ltr'><em>παλαιοῦ</em></span> 
     </span>
     <span class='ocr_line' id='line_1_21' title="bbox 221 1446 500 1501; baseline 0.007 -11"><span class='ocrx_word' id='word_1_207' title='bbox 221 1446 305 1501; x_wconf 76' lang='grc' dir='ltr'><strong>οὐχ</strong></span> <span class='ocrx_word' id='word_1_208' title='bbox 334 1447 500 1492; x_wconf 62' lang='lat' dir='ltr'><strong>fictor-¹)</strong></span> 
     </span>
    </p>

    <p class='ocr_par' dir='ltr' id='par_1_6' title="bbox 216 1523 2279 2660">
     <span class='ocr_line' id='line_1_22' title="bbox 453 1523 2279 1571; baseline 0.001 -13"><span class='ocrx_word' id='word_1_209' title='bbox 453 1523 549 1559; x_wconf 87' lang='lat' dir='ltr'><strong>Aiax</strong></span> <span class='ocrx_word' id='word_1_210' title='bbox 579 1527 671 1560; x_wconf 89' lang='lat' dir='ltr'><strong>enim</strong></span> <span class='ocrx_word' id='word_1_211' title='bbox 701 1535 769 1559; x_wconf 91' lang='lat' dir='ltr'><strong>non</strong></span> <span class='ocrx_word' id='word_1_212' title='bbox 798 1527 913 1569; x_wconf 82' lang='lat' dir='ltr'><strong>potuit</strong></span> <span class='ocrx_word' id='word_1_213' title='bbox 940 1536 976 1560; x_wconf 89' lang='lat' dir='ltr'><strong>se</strong></span> <span class='ocrx_word' id='word_1_214' title='bbox 1003 1531 1103 1560; x_wconf 84' lang='lat' dir='ltr'><strong>extra</strong></span> <span class='ocrx_word' id='word_1_215' title='bbox 1129 1536 1275 1571; x_wconf 76' lang='lat' dir='ltr'><strong>scenam</strong></span> <span class='ocrx_word' id='word_1_216' title='bbox 1296 1528 1507 1569; x_wconf 83' lang='lat' dir='ltr'><strong>interimere,</strong></span> <span class='ocrx_word' id='word_1_217' title='bbox 1536 1528 1621 1569; x_wconf 84' lang='lat' dir='ltr'><strong>quin</strong></span> <span class='ocrx_word' id='word_1_218' title='bbox 1649 1532 1709 1559; x_wconf 88' lang='lat' dir='ltr'><strong>aut</strong></span> <span class='ocrx_word' id='word_1_219' title='bbox 1735 1526 1777 1559; x_wconf 86' lang='lat' dir='ltr'><strong>ad</strong></span> <span class='ocrx_word' id='word_1_220' title='bbox 1806 1525 1953 1569; x_wconf 81' lang='lat' dir='ltr'><strong>frigidas</strong></span> <span class='ocrx_word' id='word_1_221' title='bbox 1981 1526 2199 1559; x_wconf 76' lang='lat' dir='ltr'><strong>narrationes</strong></span> <span class='ocrx_word' id='word_1_222' title='bbox 2223 1535 2279 1560; x_wconf 85' lang='lat' dir='ltr'><strong>res</strong></span> 
     </span>
     <span class='ocr_line' id='line_1_23' title="bbox 220 1591 2276 1637; baseline 0 -11"><span class='ocrx_word' id='word_1_223' title='bbox 220 1595 334 1627; x_wconf 89' lang='lat' dir='ltr'><strong>omnis</strong></span> <span class='ocrx_word' id='word_1_224' title='bbox 358 1593 550 1633; x_wconf 87' lang='lat' dir='ltr'><strong>recideret,</strong></span> <span class='ocrx_word' id='word_1_225' title='bbox 587 1596 648 1625; x_wconf 88' lang='lat' dir='ltr'><strong>aut</strong></span> <span class='ocrx_word' id='word_1_226' title='bbox 675 1591 984 1626; x_wconf 83' lang='lat' dir='ltr'><strong>verisimilitudine</strong></span> <span class='ocrx_word' id='word_1_227' title='bbox 1019 1594 1121 1636; x_wconf 85' lang='lat' dir='ltr'><strong>plane</strong></span> <span class='ocrx_word' id='word_1_228' title='bbox 1157 1593 1416 1628; x_wconf 84' lang='lat' dir='ltr'><strong>destitueretur.</strong></span> <span class='ocrx_word' id='word_1_229' title='bbox 1467 1593 1678 1637; x_wconf 80' lang='lat' dir='ltr'><strong>intelligunt</strong></span> <span class='ocrx_word' id='word_1_230' title='bbox 1704 1594 1819 1637; x_wconf 87' lang='lat' dir='ltr'><strong>periti,</strong></span> <span class='ocrx_word' id='word_1_231' title='bbox 1848 1592 2076 1636; x_wconf 85' lang='lat' dir='ltr'><strong>Sophoclem,</strong></span> <span class='ocrx_word' id='word_1_232' title='bbox 2112 1601 2155 1625; x_wconf 84' lang='lat' dir='ltr'><strong>ex</strong></span> <span class='ocrx_word' id='word_1_233' title='bbox 2182 1593 2276 1626; x_wconf 86' lang='lat' dir='ltr'><strong>omni</strong></span> 
     </span>
     <span class='ocr_line' id='line_1_24' title="bbox 221 1661 2279 1704; baseline -0.002 -7"><span class='ocrx_word' id='word_1_234' title='bbox 221 1665 356 1697; x_wconf 83' lang='lat' dir='ltr'><strong>ratione</strong></span> <span class='ocrx_word' id='word_1_235' title='bbox 382 1671 456 1703; x_wconf 88' lang='lat' dir='ltr'><strong>sua,</strong></span> <span class='ocrx_word' id='word_1_236' title='bbox 483 1666 666 1704; x_wconf 85' lang='lat' dir='ltr'><strong>propterea</strong></span> <span class='ocrx_word' id='word_1_237' title='bbox 686 1661 830 1696; x_wconf 79' lang='lat' dir='ltr'><strong>Aiacem</strong></span> <span class='ocrx_word' id='word_1_238' title='bbox 853 1663 887 1693; x_wconf 91' lang='lat' dir='ltr'><strong>in</strong></span> <span class='ocrx_word' id='word_1_239' title='bbox 905 1671 1008 1694; x_wconf 84' lang='lat' dir='ltr'><strong>scena</strong></span> <span class='ocrx_word' id='word_1_240' title='bbox 1035 1661 1155 1696; x_wconf 83' lang='lat' dir='ltr'><strong>fecisse</strong></span> <span class='ocrx_word' id='word_1_241' title='bbox 1183 1667 1396 1704; x_wconf 84' lang='lat' dir='ltr'><strong>pereuntem,</strong></span> <span class='ocrx_word' id='word_1_242' title='bbox 1425 1668 1463 1694; x_wconf 91' lang='lat' dir='ltr'><strong>ut</strong></span> <span class='ocrx_word' id='word_1_243' title='bbox 1489 1661 1649 1695; x_wconf 87' lang='lat' dir='ltr'><strong>viderent</strong></span> <span class='ocrx_word' id='word_1_244' title='bbox 1669 1662 1827 1695; x_wconf 70' lang='lat' dir='ltr'><strong>homines</strong></span> <span class='ocrx_word' id='word_1_245' title='bbox 1852 1662 1963 1695; x_wconf 88' lang='lat' dir='ltr'><strong>oculis</strong></span> <span class='ocrx_word' id='word_1_246' title='bbox 1989 1664 2063 1694; x_wconf 87' lang='lat' dir='ltr'><strong>suis</strong></span> <span class='ocrx_word' id='word_1_247' title='bbox 2091 1662 2145 1694; x_wconf 86' lang='lat' dir='ltr'><strong>vel</strong></span> <span class='ocrx_word' id='word_1_248' title='bbox 2166 1663 2279 1703; x_wconf 84' lang='lat' dir='ltr'><strong>ipsius</strong></span> 
     </span>
     <span class='ocr_line' id='line_1_25' title="bbox 222 1728 2279 1772; baseline 0 -9"><span class='ocrx_word' id='word_1_249' title='bbox 222 1730 337 1764; x_wconf 88' lang='lat' dir='ltr'><strong>herois</strong></span> <span class='ocrx_word' id='word_1_250' title='bbox 365 1730 510 1763; x_wconf 83' lang='lat' dir='ltr'><strong>maximi</strong></span> <span class='ocrx_word' id='word_1_251' title='bbox 538 1732 656 1763; x_wconf 65' lang='lat' dir='ltr'><strong>exitus</strong></span> <span class='ocrx_word' id='word_1_252' title='bbox 683 1731 882 1771; x_wconf 86' lang='lat' dir='ltr'><strong>tristitiam,</strong></span> <span class='ocrx_word' id='word_1_253' title='bbox 921 1729 976 1762; x_wconf 78' lang='lat' dir='ltr'><strong>vel</strong></span> <span class='ocrx_word' id='word_1_254' title='bbox 1003 1731 1174 1763; x_wconf 85' lang='lat' dir='ltr'><strong>sociorum</strong></span> <span class='ocrx_word' id='word_1_255' title='bbox 1203 1737 1236 1763; x_wconf 88' lang='lat' dir='ltr'><strong>et</strong></span> <span class='ocrx_word' id='word_1_256' title='bbox 1263 1730 1466 1763; x_wconf 78' lang='lat' dir='ltr'><strong>Tecmessae</strong></span> <span class='ocrx_word' id='word_1_257' title='bbox 1493 1735 1525 1763; x_wconf 88' lang='lat' dir='ltr'><strong>et</strong></span> <span class='ocrx_word' id='word_1_258' title='bbox 1553 1729 1677 1763; x_wconf 81' lang='lat' dir='ltr'><strong>Teucri</strong></span> <span class='ocrx_word' id='word_1_259' title='bbox 1706 1728 2004 1772; x_wconf 78' lang='lat' dir='ltr'><strong>desperationem,</strong></span> <span class='ocrx_word' id='word_1_260' title='bbox 2043 1729 2097 1763; x_wconf 91' lang='lat' dir='ltr'><strong>vel</strong></span> <span class='ocrx_word' id='word_1_261' title='bbox 2125 1728 2279 1772; x_wconf 78' lang='lat' dir='ltr'><strong>denique</strong></span> 
     </span>
     <span class='ocr_line' id='line_1_26' title="bbox 221 1797 2278 1841; baseline -0.001 -9"><span class='ocrx_word' id='word_1_262' title='bbox 221 1797 425 1832; x_wconf 79' lang='lat' dir='ltr'><strong>Atridarum</strong></span> <span class='ocrx_word' id='word_1_263' title='bbox 455 1800 490 1830; x_wconf 93' lang='lat' dir='ltr'><strong>in</strong></span> <span class='ocrx_word' id='word_1_264' title='bbox 519 1808 595 1831; x_wconf 83' lang='lat' dir='ltr'><strong>eum</strong></span> <span class='ocrx_word' id='word_1_265' title='bbox 637 1800 749 1830; x_wconf 87' lang='lat' dir='ltr'><strong>virum</strong></span> <span class='ocrx_word' id='word_1_266' title='bbox 779 1803 928 1830; x_wconf 84' lang='lat' dir='ltr'><strong>atrocem</strong></span> <span class='ocrx_word' id='word_1_267' title='bbox 967 1799 1187 1839; x_wconf 82' lang='lat' dir='ltr'><strong>superbiam,</strong></span> <span class='ocrx_word' id='word_1_268' title='bbox 1225 1809 1345 1841; x_wconf 87' lang='lat' dir='ltr'><strong>quem,</strong></span> <span class='ocrx_word' id='word_1_269' title='bbox 1383 1797 1464 1830; x_wconf 88' lang='lat' dir='ltr'><strong>dum</strong></span> <span class='ocrx_word' id='word_1_270' title='bbox 1501 1799 1665 1839; x_wconf 82' lang='lat' dir='ltr'><strong>vivebat,</strong></span> <span class='ocrx_word' id='word_1_271' title='bbox 1707 1808 1749 1830; x_wconf 92' lang='lat' dir='ltr'><strong>ne</strong></span> <span class='ocrx_word' id='word_1_272' title='bbox 1777 1799 1882 1830; x_wconf 87' lang='lat' dir='ltr'><strong>verbo</strong></span> <span class='ocrx_word' id='word_1_273' title='bbox 1917 1798 2058 1840; x_wconf 88' lang='lat' dir='ltr'><strong>quidem</strong></span> <span class='ocrx_word' id='word_1_274' title='bbox 2086 1797 2278 1830; x_wconf 82' lang='lat' dir='ltr'><strong>violassent</strong></span> 
     </span>
     <span class='ocr_line' id='line_1_27' title="bbox 222 1865 2278 1909; baseline -0 -10"><span class='ocrx_word' id='word_1_275' title='bbox 222 1867 401 1908; x_wconf 87' lang='lat' dir='ltr'><strong>impuniti.</strong></span> <span class='ocrx_word' id='word_1_276' title='bbox 438 1865 482 1898; x_wconf 88' lang='lat' dir='ltr'><strong>Et</strong></span> <span class='ocrx_word' id='word_1_277' title='bbox 506 1876 628 1898; x_wconf 86' lang='lat' dir='ltr'><strong>revera</strong></span> <span class='ocrx_word' id='word_1_278' title='bbox 655 1876 744 1898; x_wconf 86' lang='lat' dir='ltr'><strong>mors</strong></span> <span class='ocrx_word' id='word_1_279' title='bbox 771 1871 816 1906; x_wconf 90' lang='lat' dir='ltr'><strong>et,</strong></span> <span class='ocrx_word' id='word_1_280' title='bbox 837 1876 927 1908; x_wconf 86' lang='lat' dir='ltr'><strong>qnae</strong></span> <span class='ocrx_word' id='word_1_281' title='bbox 955 1876 1029 1898; x_wconf 89' lang='lat' dir='ltr'><strong>eam</strong></span> <span class='ocrx_word' id='word_1_282' title='bbox 1059 1868 1216 1908; x_wconf 81' lang='lat' dir='ltr'><strong>proxime</strong></span> <span class='ocrx_word' id='word_1_283' title='bbox 1244 1867 1466 1907; x_wconf 80' lang='lat' dir='ltr'><strong>antecedunt,</strong></span> <span class='ocrx_word' id='word_1_284' title='bbox 1486 1875 1591 1909; x_wconf 83' lang='lat' dir='ltr'><strong>supra</strong></span> <span class='ocrx_word' id='word_1_285' title='bbox 1617 1867 1743 1908; x_wconf 87' lang='lat' dir='ltr'><strong>omnia,</strong></span> <span class='ocrx_word' id='word_1_286' title='bbox 1764 1875 1853 1908; x_wconf 84' lang='lat' dir='ltr'><strong>qnae</strong></span> <span class='ocrx_word' id='word_1_287' title='bbox 1883 1868 1917 1899; x_wconf 87' lang='lat' dir='ltr'><strong>in</strong></span> <span class='ocrx_word' id='word_1_288' title='bbox 1929 1865 2099 1909; x_wconf 85' lang='lat' dir='ltr'><strong>Sophocle</strong></span> <span class='ocrx_word' id='word_1_289' title='bbox 2115 1865 2278 1908; x_wconf 78' lang='lat' dir='ltr'><strong>legimus,</strong></span> 
     </span>
     <span class='ocr_line' id='line_1_28' title="bbox 222 1933 2277 1977; baseline 0 -11"><span class='ocrx_word' id='word_1_290' title='bbox 222 1933 421 1977; x_wconf 81' lang='lat' dir='ltr'><strong>granditate</strong></span> <span class='ocrx_word' id='word_1_291' title='bbox 447 1939 481 1968; x_wconf 87' lang='lat' dir='ltr'><strong>et</strong></span> <span class='ocrx_word' id='word_1_292' title='bbox 507 1934 714 1968; x_wconf 86' lang='lat' dir='ltr'><strong>celsitudine</strong></span> <span class='ocrx_word' id='word_1_293' title='bbox 744 1936 908 1968; x_wconf 85' lang='lat' dir='ltr'><strong>eminent.</strong></span> <span class='ocrx_word' id='word_1_294' title='bbox 963 1935 1034 1967; x_wconf 86' lang='lat' dir='ltr'><strong>Etsi</strong></span> <span class='ocrx_word' id='word_1_295' title='bbox 1065 1934 1225 1976; x_wconf 83' lang='lat' dir='ltr'><strong>quidem,</strong></span> <span class='ocrx_word' id='word_1_296' title='bbox 1256 1935 1347 1977; x_wconf 84' lang='lat' dir='ltr'><strong>quod</strong></span> <span class='ocrx_word' id='word_1_297' title='bbox 1379 1946 1496 1967; x_wconf 83' lang='lat' dir='ltr'><strong>verum</strong></span> <span class='ocrx_word' id='word_1_298' title='bbox 1524 1940 1576 1967; x_wconf 85' lang='lat' dir='ltr'><strong>est</strong></span> <span class='ocrx_word' id='word_1_299' title='bbox 1599 1940 1632 1967; x_wconf 86' lang='lat' dir='ltr'><strong>et</strong></span> <span class='ocrx_word' id='word_1_300' title='bbox 1660 1935 1808 1975; x_wconf 89' lang='lat' dir='ltr'><strong>bonum,</strong></span> <span class='ocrx_word' id='word_1_301' title='bbox 1836 1934 1869 1966; x_wconf 91' lang='lat' dir='ltr'><strong>id</strong></span> <span class='ocrx_word' id='word_1_302' title='bbox 1900 1940 2034 1966; x_wconf 82' lang='lat' dir='ltr'><strong>tantum</strong></span> <span class='ocrx_word' id='word_1_303' title='bbox 2063 1944 2137 1966; x_wconf 79' lang='lat' dir='ltr'><strong>esse</strong></span> <span class='ocrx_word' id='word_1_304' title='bbox 2164 1938 2277 1976; x_wconf 87' lang='lat' dir='ltr'><strong>potest</strong></span> 
     </span>
     <span class='ocr_line' id='line_1_29' title="bbox 221 2002 2277 2051; baseline 0 -16"><span class='ocrx_word' id='word_1_305' title='bbox 221 2002 370 2043; x_wconf 86' lang='lat' dir='ltr'><strong>celsum,</strong></span> <span class='ocrx_word' id='word_1_306' title='bbox 406 2008 523 2051; x_wconf 75' lang='lat' dir='ltr'><strong>tamen</strong></span> <span class='ocrx_word' id='word_1_307' title='bbox 552 2012 591 2034; x_wconf 83' lang='lat' dir='ltr'><strong>ea</strong></span> <span class='ocrx_word' id='word_1_308' title='bbox 619 2012 708 2044; x_wconf 85' lang='lat' dir='ltr'><strong>quae</strong></span> <span class='ocrx_word' id='word_1_309' title='bbox 747 2004 853 2036; x_wconf 73' lang='lat' dir='ltr'><strong>sentit</strong></span> <span class='ocrx_word' id='word_1_310' title='bbox 891 2005 944 2035; x_wconf 80' lang='lat' dir='ltr'><strong>vir</strong></span> <span class='ocrx_word' id='word_1_311' title='bbox 972 2013 1098 2047; x_wconf 83' lang='lat' dir='ltr'><strong>magno</strong></span> <span class='ocrx_word' id='word_1_312' title='bbox 1125 2004 1241 2036; x_wconf 81' lang='lat' dir='ltr'><strong>animo</strong></span> <span class='ocrx_word' id='word_1_313' title='bbox 1268 2003 1448 2046; x_wconf 82' lang='lat' dir='ltr'><strong>praeditus</strong></span> <span class='ocrx_word' id='word_1_314' title='bbox 1482 2009 1514 2036; x_wconf 87' lang='lat' dir='ltr'><strong>et</strong></span> <span class='ocrx_word' id='word_1_315' title='bbox 1541 2013 1632 2046; x_wconf 81' lang='lat' dir='ltr'><strong>quae</strong></span> <span class='ocrx_word' id='word_1_316' title='bbox 1660 2003 1755 2046; x_wconf 84' lang='lat' dir='ltr'><strong>agit,</strong></span> <span class='ocrx_word' id='word_1_317' title='bbox 1794 2004 1826 2036; x_wconf 90' lang='lat' dir='ltr'><strong>in</strong></span> <span class='ocrx_word' id='word_1_318' title='bbox 1866 2008 2013 2036; x_wconf 76' lang='lat' dir='ltr'><strong>mentem</strong></span> <span class='ocrx_word' id='word_1_319' title='bbox 2041 2013 2176 2043; x_wconf 87' lang='lat' dir='ltr'><strong>eornm,</strong></span> <span class='ocrx_word' id='word_1_320' title='bbox 2215 2002 2277 2045; x_wconf 91' lang='lat' dir='ltr'><strong>qui</strong></span> 
     </span>
     <span class='ocr_line' id='line_1_30' title="bbox 219 2070 2277 2114; baseline 0 -11"><span class='ocrx_word' id='word_1_321' title='bbox 219 2076 389 2113; x_wconf 79' lang='lat' dir='ltr'><strong>spectant,</strong></span> <span class='ocrx_word' id='word_1_322' title='bbox 417 2071 682 2104; x_wconf 86' lang='lat' dir='ltr'><strong>admirationem</strong></span> <span class='ocrx_word' id='word_1_323' title='bbox 710 2082 872 2114; x_wconf 85' lang='lat' dir='ltr'><strong>magnam</strong></span> <span class='ocrx_word' id='word_1_324' title='bbox 911 2072 1073 2105; x_wconf 84' lang='lat' dir='ltr'><strong>inducere</strong></span> <span class='ocrx_word' id='word_1_325' title='bbox 1102 2079 1264 2113; x_wconf 80' lang='lat' dir='ltr'><strong>possunt,</strong></span> <span class='ocrx_word' id='word_1_326' title='bbox 1303 2073 1336 2104; x_wconf 88' lang='lat' dir='ltr'><strong>id</strong></span> <span class='ocrx_word' id='word_1_327' title='bbox 1363 2071 1455 2113; x_wconf 86' lang='lat' dir='ltr'><strong>quod</strong></span> <span class='ocrx_word' id='word_1_328' title='bbox 1482 2082 1615 2113; x_wconf 80' lang='lat' dir='ltr'><strong>semper</strong></span> <span class='ocrx_word' id='word_1_329' title='bbox 1648 2071 1792 2111; x_wconf 83' lang='lat' dir='ltr'><strong>accidit,</strong></span> <span class='ocrx_word' id='word_1_330' title='bbox 1826 2073 1854 2103; x_wconf 83' lang='lat' dir='ltr'><strong>si</strong></span> <span class='ocrx_word' id='word_1_331' title='bbox 1882 2071 2028 2103; x_wconf 85' lang='lat' dir='ltr'><strong>consilia</strong></span> <span class='ocrx_word' id='word_1_332' title='bbox 2056 2081 2095 2103; x_wconf 89' lang='lat' dir='ltr'><strong>ac</strong></span> <span class='ocrx_word' id='word_1_333' title='bbox 2122 2070 2277 2104; x_wconf 77' lang='lat' dir='ltr'><strong>facinora</strong></span> 
     </span>
     <span class='ocr_line' id='line_1_31' title="bbox 219 2138 2277 2183; baseline 0 -11"><span class='ocrx_word' id='word_1_334' title='bbox 219 2139 308 2172; x_wconf 85' lang='lat' dir='ltr'><strong>talia</strong></span> <span class='ocrx_word' id='word_1_335' title='bbox 334 2143 426 2180; x_wconf 85' lang='lat' dir='ltr'><strong>sunt,</strong></span> <span class='ocrx_word' id='word_1_336' title='bbox 456 2138 578 2181; x_wconf 87' lang='lat' dir='ltr'><strong>qualia</strong></span> <span class='ocrx_word' id='word_1_337' title='bbox 606 2148 647 2171; x_wconf 84' lang='lat' dir='ltr'><strong>ex</strong></span> <span class='ocrx_word' id='word_1_338' title='bbox 677 2138 749 2171; x_wconf 71' lang='lat' dir='ltr'><strong>alta</strong></span> <span class='ocrx_word' id='word_1_339' title='bbox 779 2145 893 2172; x_wconf 88' lang='lat' dir='ltr'><strong>mente</strong></span> <span class='ocrx_word' id='word_1_340' title='bbox 921 2141 988 2172; x_wconf 88' lang='lat' dir='ltr'><strong>viri</strong></span> <span class='ocrx_word' id='word_1_341' title='bbox 1017 2140 1261 2182; x_wconf 79' lang='lat' dir='ltr'><strong>magnitudine</strong></span> <span class='ocrx_word' id='word_1_342' title='bbox 1289 2142 1397 2173; x_wconf 89' lang='lat' dir='ltr'><strong>animi</strong></span> <span class='ocrx_word' id='word_1_343' title='bbox 1426 2140 1650 2183; x_wconf 84' lang='lat' dir='ltr'><strong>praestabilis</strong></span> <span class='ocrx_word' id='word_1_344' title='bbox 1677 2144 1881 2175; x_wconf 84' lang='lat' dir='ltr'><strong>nascuntur.</strong></span> <span class='ocrx_word' id='word_1_345' title='bbox 1920 2139 2040 2172; x_wconf 80' lang='lat' dir='ltr'><strong>Aiacis</strong></span> <span class='ocrx_word' id='word_1_346' title='bbox 2063 2144 2179 2171; x_wconf 87' lang='lat' dir='ltr'><strong>autem</strong></span> <span class='ocrx_word' id='word_1_347' title='bbox 2201 2149 2277 2172; x_wconf 90' lang='lat' dir='ltr'><strong>mo-</strong></span> 
     </span>
     <span class='ocr_line' id='line_1_32' title="bbox 218 2206 2277 2253; baseline 0.001 -14"><span class='ocrx_word' id='word_1_348' title='bbox 218 2206 330 2239; x_wconf 89' lang='lat' dir='ltr'><strong>riendi</strong></span> <span class='ocrx_word' id='word_1_349' title='bbox 359 2206 544 2240; x_wconf 85' lang='lat' dir='ltr'><strong>consilium</strong></span> <span class='ocrx_word' id='word_1_350' title='bbox 566 2215 634 2238; x_wconf 93' lang='lat' dir='ltr'><strong>non</strong></span> <span class='ocrx_word' id='word_1_351' title='bbox 660 2206 757 2238; x_wconf 90' lang='lat' dir='ltr'><strong>molli</strong></span> <span class='ocrx_word' id='word_1_352' title='bbox 780 2206 931 2248; x_wconf 85' lang='lat' dir='ltr'><strong>quadam</strong></span> <span class='ocrx_word' id='word_1_353' title='bbox 961 2217 1001 2240; x_wconf 84' lang='lat' dir='ltr'><strong>ac</strong></span> <span class='ocrx_word' id='word_1_354' title='bbox 1020 2207 1189 2250; x_wconf 85' lang='lat' dir='ltr'><strong>languida</strong></span> <span class='ocrx_word' id='word_1_355' title='bbox 1216 2209 1323 2241; x_wconf 84' lang='lat' dir='ltr'><strong>animi</strong></span> <span class='ocrx_word' id='word_1_356' title='bbox 1352 2207 1573 2252; x_wconf 85' lang='lat' dir='ltr'><strong>aegritudine</strong></span> <span class='ocrx_word' id='word_1_357' title='bbox 1601 2218 1713 2251; x_wconf 88' lang='lat' dir='ltr'><strong>neque</strong></span> <span class='ocrx_word' id='word_1_358' title='bbox 1734 2208 1827 2241; x_wconf 85' lang='lat' dir='ltr'><strong>vitae</strong></span> <span class='ocrx_word' id='word_1_359' title='bbox 1854 2207 2004 2249; x_wconf 75' lang='lat' dir='ltr'><strong>fastidio,</strong></span> <span class='ocrx_word' id='word_1_360' title='bbox 2033 2206 2092 2241; x_wconf 82' lang='lat' dir='ltr'><strong>sed</strong></span> <span class='ocrx_word' id='word_1_361' title='bbox 2111 2219 2128 2241; x_wconf 92' lang='lat' dir='ltr'><strong>e</strong></span> <span class='ocrx_word' id='word_1_362' title='bbox 2148 2217 2277 2253; x_wconf 75' lang='lat' dir='ltr'><strong>magna</strong></span> 
     </span>
     <span class='ocr_line' id='line_1_33' title="bbox 220 2256 2277 2318; baseline 0.001 -10"><span class='ocrx_word' id='word_1_363' title='bbox 220 2281 322 2317; x_wconf 86' lang='lat' dir='ltr'><strong>prout</strong></span> <span class='ocrx_word' id='word_1_364' title='bbox 349 2275 464 2308; x_wconf 86' lang='lat' dir='ltr'><strong>herois</strong></span> <span class='ocrx_word' id='word_1_365' title='bbox 502 2276 634 2307; x_wconf 83' lang='lat' dir='ltr'><strong>virtute</strong></span> <span class='ocrx_word' id='word_1_366' title='bbox 672 2277 836 2316; x_wconf 77' lang='lat' dir='ltr'><strong>quamvis¹</strong></span> <span class='ocrx_word' id='word_1_367' title='bbox 865 2277 1068 2316; x_wconf 79' lang='lat' dir='ltr'><strong>perturbata</strong></span> <span class='ocrx_word' id='word_1_368' title='bbox 1101 2278 1264 2310; x_wconf 82' lang='lat' dir='ltr'><strong>exoritur.</strong></span> <span class='ocrx_word' id='word_1_369' title='bbox 1318 2256 1418 2309; x_wconf 31' lang='lat' dir='ltr'><strong>Mors.</strong></span> <span class='ocrx_word' id='word_1_370' title='bbox 1439 2279 1470 2310; x_wconf 89' lang='lat' dir='ltr'><strong>ei</strong></span> <span class='ocrx_word' id='word_1_371' title='bbox 1498 2287 1578 2309; x_wconf 87' lang='lat' dir='ltr'><strong>mox</strong></span> <span class='ocrx_word' id='word_1_372' title='bbox 1615 2283 1685 2308; x_wconf 88' lang='lat' dir='ltr'><strong>tam</strong></span> <span class='ocrx_word' id='word_1_373' title='bbox 1713 2282 1814 2318; x_wconf 79' lang='lat' dir='ltr'><strong>grata</strong></span> <span class='ocrx_word' id='word_1_374' title='bbox 1854 2276 2011 2315; x_wconf 87' lang='lat' dir='ltr'><strong>videtur,</strong></span> <span class='ocrx_word' id='word_1_375' title='bbox 2053 2286 2156 2317; x_wconf 85' lang='lat' dir='ltr'><strong>qnam</strong></span> <span class='ocrx_word' id='word_1_376' title='bbox 2185 2286 2277 2318; x_wconf 84' lang='lat' dir='ltr'><strong>quae</strong></span> 
     </span>
     <span class='ocr_line' id='line_1_34' title="bbox 218 2341 2277 2388; baseline 0.002 -14"><span class='ocrx_word' id='word_1_377' title='bbox 218 2344 318 2387; x_wconf 85' lang='lat' dir='ltr'><strong>pingi</strong></span> <span class='ocrx_word' id='word_1_378' title='bbox 346 2342 432 2376; x_wconf 86' lang='lat' dir='ltr'><strong>solet</strong></span> <span class='ocrx_word' id='word_1_379' title='bbox 459 2352 478 2374; x_wconf 86' lang='lat' dir='ltr'><strong>a</strong></span> <span class='ocrx_word' id='word_1_380' title='bbox 505 2341 715 2384; x_wconf 86' lang='lat' dir='ltr'><strong>quibusdam</strong></span> <span class='ocrx_word' id='word_1_381' title='bbox 746 2344 857 2385; x_wconf 70' lang='lat' dir='ltr'><strong>poetis</strong></span> <span class='ocrx_word' id='word_1_382' title='bbox 896 2342 1001 2376; x_wconf 87' lang='lat' dir='ltr'><strong>huius</strong></span> <span class='ocrx_word' id='word_1_383' title='bbox 1028 2345 1171 2385; x_wconf 86' lang='lat' dir='ltr'><strong>aetatis,</strong></span> <span class='ocrx_word' id='word_1_384' title='bbox 1208 2346 1267 2388; x_wconf 87' lang='lat' dir='ltr'><strong>q&#39;ni</strong></span> <span class='ocrx_word' id='word_1_385' title='bbox 1304 2346 1405 2379; x_wconf 89' lang='lat' dir='ltr'><strong>vivos</strong></span> <span class='ocrx_word' id='word_1_386' title='bbox 1433 2347 1507 2379; x_wconf 88' lang='lat' dir='ltr'><strong>eins</strong></span> <span class='ocrx_word' id='word_1_387' title='bbox 1542 2344 1714 2379; x_wconf 87' lang='lat' dir='ltr'><strong>desiderio</strong></span> <span class='ocrx_word' id='word_1_388' title='bbox 1741 2344 1872 2379; x_wconf 83' lang='lat' dir='ltr'><strong>faciunt</strong></span> <span class='ocrx_word' id='word_1_389' title='bbox 1904 2344 2131 2378; x_wconf 77' lang='lat' dir='ltr'><strong>tabescentes.</strong></span> <span class='ocrx_word' id='word_1_390' title='bbox 2184 2344 2277 2378; x_wconf 92' lang='lat' dir='ltr'><strong>Dum</strong></span> 
     </span>
     <span class='ocr_line' id='line_1_35' title="bbox 217 2411 2278 2456; baseline 0 -12"><span class='ocrx_word' id='word_1_391' title='bbox 217 2412 443 2444; x_wconf 83' lang='lat' dir='ltr'><strong>Telamonius</strong></span> <span class='ocrx_word' id='word_1_392' title='bbox 469 2411 568 2443; x_wconf 84' lang='lat' dir='ltr'><strong>solus</strong></span> <span class='ocrx_word' id='word_1_393' title='bbox 594 2411 636 2442; x_wconf 88' lang='lat' dir='ltr'><strong>ad</strong></span> <span class='ocrx_word' id='word_1_394' title='bbox 666 2411 769 2443; x_wconf 86' lang='lat' dir='ltr'><strong>litora</strong></span> <span class='ocrx_word' id='word_1_395' title='bbox 797 2413 902 2443; x_wconf 85' lang='lat' dir='ltr'><strong>maris</strong></span> <span class='ocrx_word' id='word_1_396' title='bbox 929 2418 1035 2454; x_wconf 85' lang='lat' dir='ltr'><strong>atque</strong></span> <span class='ocrx_word' id='word_1_397' title='bbox 1066 2414 1100 2444; x_wconf 92' lang='lat' dir='ltr'><strong>in</strong></span> <span class='ocrx_word' id='word_1_398' title='bbox 1129 2415 1277 2455; x_wconf 86' lang='lat' dir='ltr'><strong>patriam</strong></span> <span class='ocrx_word' id='word_1_399' title='bbox 1306 2423 1427 2446; x_wconf 83' lang='lat' dir='ltr'><strong>versus</strong></span> <span class='ocrx_word' id='word_1_400' title='bbox 1455 2414 1580 2446; x_wconf 86' lang='lat' dir='ltr'><strong>ultima</strong></span> <span class='ocrx_word' id='word_1_401' title='bbox 1607 2414 1715 2446; x_wconf 80' lang='lat' dir='ltr'><strong>verba</strong></span> <span class='ocrx_word' id='word_1_402' title='bbox 1743 2415 1810 2445; x_wconf 88' lang='lat' dir='ltr'><strong>iam</strong></span> <span class='ocrx_word' id='word_1_403' title='bbox 1839 2414 1943 2445; x_wconf 79' lang='lat' dir='ltr'><strong>vivus</strong></span> <span class='ocrx_word' id='word_1_404' title='bbox 1970 2412 2062 2454; x_wconf 77' lang='lat' dir='ltr'><strong>iacit,</strong></span> <span class='ocrx_word' id='word_1_405' title='bbox 2082 2413 2169 2445; x_wconf 89' lang='lat' dir='ltr'><strong>miro</strong></span> <span class='ocrx_word' id='word_1_406' title='bbox 2193 2422 2278 2456; x_wconf 77' lang='lat' dir='ltr'><strong>erga</strong></span> 
     </span>
     <span class='ocr_line' id='line_1_36' title="bbox 217 2478 2276 2524; baseline -0 -11"><span class='ocrx_word' id='word_1_407' title='bbox 217 2489 295 2513; x_wconf 89' lang='lat' dir='ltr'><strong>eum</strong></span> <span class='ocrx_word' id='word_1_408' title='bbox 323 2478 439 2512; x_wconf 84' lang='lat' dir='ltr'><strong>studio</strong></span> <span class='ocrx_word' id='word_1_409' title='bbox 466 2484 634 2514; x_wconf 87' lang='lat' dir='ltr'><strong>tenemur.</strong></span> <span class='ocrx_word' id='word_1_410' title='bbox 688 2480 917 2522; x_wconf 85' lang='lat' dir='ltr'><strong>Perpetrandi</strong></span> <span class='ocrx_word' id='word_1_411' title='bbox 948 2481 1085 2514; x_wconf 87' lang='lat' dir='ltr'><strong>consilii</strong></span> <span class='ocrx_word' id='word_1_412' title='bbox 1115 2481 1212 2514; x_wconf 89' lang='lat' dir='ltr'><strong>locus</strong></span> <span class='ocrx_word' id='word_1_413' title='bbox 1240 2481 1394 2523; x_wconf 79' lang='lat' dir='ltr'><strong>eligitur,</strong></span> <span class='ocrx_word' id='word_1_414' title='bbox 1423 2484 1482 2524; x_wconf 89' lang='lat' dir='ltr'><strong>qui</strong></span> <span class='ocrx_word' id='word_1_415' title='bbox 1517 2482 1742 2524; x_wconf 85' lang='lat' dir='ltr'><strong>longinquior</strong></span> <span class='ocrx_word' id='word_1_416' title='bbox 1770 2491 1789 2512; x_wconf 88' lang='lat' dir='ltr'><strong>a</strong></span> <span class='ocrx_word' id='word_1_417' title='bbox 1817 2482 1948 2521; x_wconf 86' lang='lat' dir='ltr'><strong>castris,</strong></span> <span class='ocrx_word' id='word_1_418' title='bbox 1977 2482 2116 2522; x_wconf 86' lang='lat' dir='ltr'><strong>propior</strong></span> <span class='ocrx_word' id='word_1_419' title='bbox 2143 2490 2163 2512; x_wconf 83' lang='lat' dir='ltr'><strong>a</strong></span> <span class='ocrx_word' id='word_1_420' title='bbox 2188 2481 2276 2512; x_wconf 88' lang='lat' dir='ltr'><strong>mari</strong></span> 
     </span>
     <span class='ocr_line' id='line_1_37' title="bbox 216 2546 2276 2593; baseline 0.001 -14"><span class='ocrx_word' id='word_1_421' title='bbox 216 2549 304 2579; x_wconf 90' lang='lat' dir='ltr'><strong>situs</strong></span> <span class='ocrx_word' id='word_1_422' title='bbox 331 2552 393 2580; x_wconf 89' lang='lat' dir='ltr'><strong>est.</strong></span> <span class='ocrx_word' id='word_1_423' title='bbox 435 2546 493 2580; x_wconf 88' lang='lat' dir='ltr'><strong>Sol</strong></span> <span class='ocrx_word' id='word_1_424' title='bbox 521 2549 715 2581; x_wconf 80' lang='lat' dir='ltr'><strong>matutinus</strong></span> <span class='ocrx_word' id='word_1_425' title='bbox 743 2547 879 2591; x_wconf 79' lang='lat' dir='ltr'><strong>fulgore</strong></span> <span class='ocrx_word' id='word_1_426' title='bbox 908 2548 1050 2582; x_wconf 85' lang='lat' dir='ltr'><strong>obducit</strong></span> <span class='ocrx_word' id='word_1_427' title='bbox 1077 2548 1197 2582; x_wconf 85' lang='lat' dir='ltr'><strong>undas.</strong></span> <span class='ocrx_word' id='word_1_428' title='bbox 1244 2548 1343 2591; x_wconf 89' lang='lat' dir='ltr'><strong>Quod</strong></span> <span class='ocrx_word' id='word_1_429' title='bbox 1370 2549 1453 2583; x_wconf 86' lang='lat' dir='ltr'><strong>celsi</strong></span> <span class='ocrx_word' id='word_1_430' title='bbox 1484 2551 1617 2593; x_wconf 86' lang='lat' dir='ltr'><strong>ingenti</strong></span> <span class='ocrx_word' id='word_1_431' title='bbox 1645 2555 1750 2593; x_wconf 89' lang='lat' dir='ltr'><strong>ponto</strong></span> <span class='ocrx_word' id='word_1_432' title='bbox 1778 2559 1913 2591; x_wconf 83' lang='lat' dir='ltr'><strong>semper</strong></span> <span class='ocrx_word' id='word_1_433' title='bbox 1939 2551 2038 2590; x_wconf 83' lang='lat' dir='ltr'><strong>inest,</strong></span> <span class='ocrx_word' id='word_1_434' title='bbox 2067 2559 2158 2582; x_wconf 90' lang='lat' dir='ltr'><strong>nunc</strong></span> <span class='ocrx_word' id='word_1_435' title='bbox 2175 2547 2276 2582; x_wconf 85' lang='lat' dir='ltr'><strong>nobis</strong></span> 
     </span>
     <span class='ocr_line' id='line_1_38' title="bbox 217 2616 2278 2660; baseline 0 -11"><span class='ocrx_word' id='word_1_436' title='bbox 217 2618 252 2649; x_wconf 92' lang='lat' dir='ltr'><strong>in</strong></span> <span class='ocrx_word' id='word_1_437' title='bbox 289 2619 489 2651; x_wconf 79' lang='lat' dir='ltr'><strong>interiorem</strong></span> <span class='ocrx_word' id='word_1_438' title='bbox 528 2619 684 2650; x_wconf 87' lang='lat' dir='ltr'><strong>animum</strong></span> <span class='ocrx_word' id='word_1_439' title='bbox 722 2624 900 2659; x_wconf 85' lang='lat' dir='ltr'><strong>penetrat,</strong></span> <span class='ocrx_word' id='word_1_440' title='bbox 937 2628 1043 2660; x_wconf 86' lang='lat' dir='ltr'><strong>quum</strong></span> <span class='ocrx_word' id='word_1_441' title='bbox 1073 2619 1217 2651; x_wconf 76' lang='lat' dir='ltr'><strong>Aiacem</strong></span> <span class='ocrx_word' id='word_1_442' title='bbox 1256 2617 1482 2650; x_wconf 83' lang='lat' dir='ltr'><strong>fortissimum</strong></span> <span class='ocrx_word' id='word_1_443' title='bbox 1520 2618 1729 2651; x_wconf 86' lang='lat' dir='ltr'><strong>Graecorum</strong></span> <span class='ocrx_word' id='word_1_444' title='bbox 1770 2620 1868 2650; x_wconf 82' lang='lat' dir='ltr'><strong>iuxta</strong></span> <span class='ocrx_word' id='word_1_445' title='bbox 1904 2617 2102 2657; x_wconf 86' lang='lat' dir='ltr'><strong>Achillem,</strong></span> <span class='ocrx_word' id='word_1_446' title='bbox 2141 2616 2278 2649; x_wconf 80' lang='lat' dir='ltr'><strong>Atridis</strong></span> 
     </span>
    </p>
   </div>
   <div class='ocr_carea' id='block_1_4' title="bbox 216 2684 2276 2729">
    <p class='ocr_par' dir='ltr' id='par_1_7' title="bbox 216 2684 2276 2729">
     <span class='ocr_line' id='line_1_39' title="bbox 216 2684 2276 2729; baseline -0 -11"><span class='ocrx_word' id='word_1_447' title='bbox 216 2685 380 2728; x_wconf 86' lang='lat' dir='ltr'><strong>omnique</strong></span> <span class='ocrx_word' id='word_1_448' title='bbox 407 2686 563 2718; x_wconf 83' lang='lat' dir='ltr'><strong>exercitu</strong></span> <span class='ocrx_word' id='word_1_449' title='bbox 592 2684 692 2719; x_wconf 86' lang='lat' dir='ltr'><strong>furiis</strong></span> <span class='ocrx_word' id='word_1_450' title='bbox 721 2684 878 2727; x_wconf 87' lang='lat' dir='ltr'><strong>traditis,</strong></span> <span class='ocrx_word' id='word_1_451' title='bbox 907 2685 948 2719; x_wconf 90' lang='lat' dir='ltr'><strong>de</strong></span> <span class='ocrx_word' id='word_1_452' title='bbox 976 2685 1099 2719; x_wconf 81' lang='lat' dir='ltr'><strong>acerba</strong></span> <span class='ocrx_word' id='word_1_453' title='bbox 1127 2684 1328 2719; x_wconf 82' lang='lat' dir='ltr'><strong>calamitate</strong></span> <span class='ocrx_word' id='word_1_454' title='bbox 1357 2694 1624 2729; x_wconf 82' lang='lat' dir='ltr'><strong>conquerentem</strong></span> <span class='ocrx_word' id='word_1_455' title='bbox 1655 2684 1825 2720; x_wconf 82' lang='lat' dir='ltr'><strong>videmus.</strong></span> <span class='ocrx_word' id='word_1_456' title='bbox 1879 2685 2043 2719; x_wconf 84' lang='lat' dir='ltr'><strong>Attamen</strong></span> <span class='ocrx_word' id='word_1_457' title='bbox 2072 2685 2177 2718; x_wconf 74' lang='lat' dir='ltr'><strong>etiam</strong></span> <span class='ocrx_word' id='word_1_458' title='bbox 2205 2684 2276 2718; x_wconf 82' lang='lat' dir='ltr'><strong>alia</strong></span> 
     </span>
    </p>
   </div>
   <div class='ocr_carea' id='block_1_5' title="bbox 729 2782 899 2785">
    <p class='ocr_par' dir='ltr' id='par_1_8' title="bbox 729 2782 899 2785">
     <span class='ocr_line' id='line_1_40' title="bbox 729 2782 899 2785; baseline 0 0"><span class='ocrx_word' id='word_1_459' title='bbox 729 2782 899 2785; x_wconf 95' lang='lat' dir='ltr'><strong> </strong></span> 
     </span>
    </p>
   </div>
   <div class='ocr_carea' id='block_1_6' title="bbox 455 2848 724 2893">
    <p class='ocr_par' dir='ltr' id='par_1_9' title="bbox 455 2848 724 2893">
     <span class='ocr_line' id='line_1_41' title="bbox 455 2848 724 2893; baseline 0.007 -12"><span class='ocrx_word' id='word_1_460' title='bbox 455 2848 481 2893; x_wconf 88' lang='lat'><strong>¹)</strong></span> <span class='ocrx_word' id='word_1_461' title='bbox 506 2849 548 2883; x_wconf 84' lang='lat' dir='ltr'><strong>ad</strong></span> <span class='ocrx_word' id='word_1_462' title='bbox 578 2861 611 2885; x_wconf 72' lang='lat' dir='ltr'><strong>v⁴</strong></span> <span class='ocrx_word' id='word_1_463' title='bbox 643 2851 724 2884; x_wconf 78' lang='lat'>815.</span> 
     </span>
    </p>
   </div>
  </div>
 </body>
</html>
