<?xml version="1.0" encoding="UTF-8"?>
<!DOCTYPE html PUBLIC "-//W3C//DTD XHTML 1.0 Transitional//EN"
    "http://www.w3.org/TR/xhtml1/DTD/xhtml1-transitional.dtd">
<html xmlns="http://www.w3.org/1999/xhtml" xml:lang="en" lang="en">
 <head>
  <title>
</title>
<meta http-equiv="Content-Type" content="text/html;charset=utf-8" />
  <meta name='ocr-system' content='tesseract 3.04.00' />
  <meta name='ocr-capabilities' content='ocr_page ocr_carea ocr_par ocr_line ocrx_word'/>
</head>
<body>
  <div class='ocr_page' id='page_1' title='image "./4774711_0013.png"; bbox 0 0 2461 3176; ppageno 0'>
   <div class='ocr_carea' id='block_1_1' title="bbox 1176 116 1201 158">
    <p class='ocr_par' dir='ltr' id='par_1_1' title="bbox 1176 116 1201 158">
     <span class='ocr_line' id='line_1_1' title="bbox 1176 116 1201 158; baseline 0 0"><span class='ocrx_word' id='word_1_1' title='bbox 1176 116 1201 158; x_wconf 77' lang='lat'><strong>7</strong></span> 
     </span>
    </p>
   </div>
   <div class='ocr_carea' id='block_1_2' title="bbox 1076 167 1305 179">
    <p class='ocr_par' dir='ltr' id='par_1_2' title="bbox 1076 167 1305 179">
     <span class='ocr_line' id='line_1_2' title="bbox 1076 167 1305 179; baseline 0 2997"><span class='ocrx_word' id='word_1_2' title='bbox 1076 167 1305 179; x_wconf 95' lang='lat' dir='ltr'><strong> </strong></span> 
     </span>
    </p>
   </div>
   <div class='ocr_carea' id='block_1_3' title="bbox 851 237 1431 899">
    <p class='ocr_par' dir='ltr' id='par_1_3' title="bbox 903 237 1431 423">
     <span class='ocr_line' id='line_1_3' title="bbox 903 237 1338 294; baseline -0.002 -14"><span class='ocrx_word' id='word_1_3' title='bbox 903 242 993 280; x_wconf 83' lang='lat' dir='ltr'><strong>Und</strong></span> <span class='ocrx_word' id='word_1_4' title='bbox 1010 246 1079 294; x_wconf 76' lang='lat' dir='ltr'><strong>mit</strong></span> <span class='ocrx_word' id='word_1_5' title='bbox 1103 241 1176 283; x_wconf 78' lang='lat' dir='ltr'><strong>ihm</strong></span> <span class='ocrx_word' id='word_1_6' title='bbox 1202 237 1338 290; x_wconf 80' lang='lat' dir='ltr'><strong>spielen</strong></span> 
     </span>
     <span class='ocr_line' id='line_1_4' title="bbox 904 301 1324 348; baseline 0 -1"><span class='ocrx_word' id='word_1_7' title='bbox 904 311 1057 348; x_wconf 82' lang='lat' dir='ltr'><strong>Wolke&#39;u&#39;</strong></span> <span class='ocrx_word' id='word_1_8' title='bbox 1079 301 1154 347; x_wconf 75' lang='lat' dir='ltr'><strong>und</strong></span> <span class='ocrx_word' id='word_1_9' title='bbox 1178 307 1324 348; x_wconf 69' lang='lat' dir='ltr'><strong>winde.</strong></span> 
     </span>
     <span class='ocr_line' id='line_1_5' title="bbox 950 360 1431 423; baseline -0.004 -7"><span class='ocrx_word' id='word_1_10' title='bbox 950 367 1055 416; x_wconf 70' lang='lat' dir='ltr'><strong>stelit</strong></span> <span class='ocrx_word' id='word_1_11' title='bbox 1079 389 1117 415; x_wconf 86' lang='lat' dir='ltr'><strong>er</strong></span> <span class='ocrx_word' id='word_1_12' title='bbox 1149 381 1224 416; x_wconf 76' lang='lat' dir='ltr'><strong>mit·</strong></span> <span class='ocrx_word' id='word_1_13' title='bbox 1237 360 1360 423; x_wconf 71' lang='lat' dir='ltr'><strong>seston,</strong></span> <span class='ocrx_word' id='word_1_14' title='bbox 1427 393 1431 396; x_wconf 49' lang='grc'>“</span> 
     </span>
    </p>

    <p class='ocr_par' dir='ltr' id='par_1_4' title="bbox 880 434 1424 627">
     <span class='ocr_line' id='line_1_6' title="bbox 880 434 1291 493; baseline 0 -11"><span class='ocrx_word' id='word_1_15' title='bbox 880 474 882 477; x_wconf 81' lang='grc'>.</span> <span class='ocrx_word' id='word_1_16' title='bbox 904 434 1093 493; x_wconf 74' lang='lat' dir='ltr'><strong>Markigen</strong></span> <span class='ocrx_word' id='word_1_17' title='bbox 1117 449 1291 484; x_wconf 85' lang='lat' dir='ltr'><strong>Knochen</strong></span> 
     </span>
     <span class='ocr_line' id='line_1_7' title="bbox 904 505 1424 561; baseline 0.002 -12"><span class='ocrx_word' id='word_1_18' title='bbox 904 509 979 555; x_wconf 60' lang='lat' dir='ltr'><strong>Ab(</strong></span> <span class='ocrx_word' id='word_1_19' title='bbox 1001 509 1062 550; x_wconf 83' lang='lat' dir='ltr'><strong>der</strong></span> <span class='ocrx_word' id='word_1_20' title='bbox 1087 505 1424 561; x_wconf 77' lang='lat' dir='ltr'><strong>wohlgegriindeten</strong></span> 
     </span>
     <span class='ocr_line' id='line_1_8' title="bbox 903 582 1253 627; baseline 0.003 -9"><span class='ocrx_word' id='word_1_21' title='bbox 903 582 1117 627; x_wconf 76' lang='lat' dir='ltr'><strong>Dauernden</strong></span> <span class='ocrx_word' id='word_1_22' title='bbox 1142 583 1253 619; x_wconf 83' lang='lat' dir='ltr'><strong>Erde:</strong></span> 
     </span>
    </p>

    <p class='ocr_par' dir='ltr' id='par_1_5' title="bbox 851 638 1315 899">
     <span class='ocr_line' id='line_1_9' title="bbox 851 638 1312 695; baseline 0.002 -9"><span class='ocrx_word' id='word_1_23' title='bbox 851 639 855 643; x_wconf 75' lang='grc'><em>’</em></span> <span class='ocrx_word' id='word_1_24' title='bbox 890 638 1032 686; x_wconf 60' lang='lat' dir='ltr'><strong>&#39;nerem</strong></span> <span class='ocrx_word' id='word_1_25' title='bbox 1056 661 1095 685; x_wconf 74' lang='lat' dir='ltr'><strong>er</strong></span> <span class='ocrx_word' id='word_1_26' title='bbox 1112 652 1218 687; x_wconf 62' lang='lat' dir='ltr'><strong>nieht</strong></span> <span class='ocrx_word' id='word_1_27' title='bbox 1236 653 1312 695; x_wconf 60' lang='lat' dir='ltr'><strong>aus,</strong></span> 
     </span>
     <span class='ocr_line' id='line_1_10' title="bbox 898 717 1291 754; baseline 0.003 -1"><span class='ocrx_word' id='word_1_28' title='bbox 898 717 978 753; x_wconf 64' lang='lat' dir='ltr'><strong>‘Nur</strong></span> <span class='ocrx_word' id='word_1_29' title='bbox 1000 719 1070 753; x_wconf 81' lang='lat' dir='ltr'><strong>mit</strong></span> <span class='ocrx_word' id='word_1_30' title='bbox 1092 718 1155 753; x_wconf 74' lang='lat' dir='ltr'><strong>der</strong></span> <span class='ocrx_word' id='word_1_31' title='bbox 1181 718 1291 754; x_wconf 71' lang='lat' dir='ltr'><strong>mehe</strong></span> 
     </span>
     <span class='ocr_line' id='line_1_11' title="bbox 903 785 1206 822; baseline 0 0"><span class='ocrx_word' id='word_1_32' title='bbox 903 785 997 822; x_wconf 73' lang='lat' dir='ltr'><strong>Odor</strong></span> <span class='ocrx_word' id='word_1_33' title='bbox 1022 786 1084 820; x_wconf 86' lang='lat' dir='ltr'><strong>der</strong></span> <span class='ocrx_word' id='word_1_34' title='bbox 1108 786 1206 822; x_wconf 78' lang='lat' dir='ltr'><strong>Rebe</strong></span> 
     </span>
     <span class='ocr_line' id='line_1_12' title="bbox 902 837 1315 899; baseline 0.002 -11"><span class='ocrx_word' id='word_1_35' title='bbox 902 853 985 888; x_wconf 80' lang='lat' dir='ltr'><strong>sich</strong></span> <span class='ocrx_word' id='word_1_36' title='bbox 1011 863 1055 887; x_wconf 81' lang='lat' dir='ltr'><strong>zu</strong></span> <span class='ocrx_word' id='word_1_37' title='bbox 1079 837 1315 899; x_wconf 82' lang='lat' dir='ltr'><strong>vergleichen.</strong></span> 
     </span>
    </p>
   </div>
   <div class='ocr_carea' id='block_1_4' title="bbox 159 921 2225 1988">
    <p class='ocr_par' dir='ltr' id='par_1_6' title="bbox 159 921 2223 1650">
     <span class='ocr_line' id='line_1_13' title="bbox 392 921 2221 975; baseline 0.001 -10"><span class='ocrx_word' id='word_1_38' title='bbox 392 930 548 966; x_wconf 86' lang='lat' dir='ltr'><strong>Achillis</strong></span> <span class='ocrx_word' id='word_1_39' title='bbox 573 931 714 966; x_wconf 88' lang='lat' dir='ltr'><strong>Paridis</strong></span> <span class='ocrx_word' id='word_1_40' title='bbox 739 932 811 966; x_wconf 86' lang='lat' dir='ltr'><strong>telo</strong></span> <span class='ocrx_word' id='word_1_41' title='bbox 835 932 940 966; x_wconf 86' lang='lat' dir='ltr'><strong>occisi</strong></span> <span class='ocrx_word' id='word_1_42' title='bbox 966 921 1283 974; x_wconf 65' lang='lat' dir='ltr'><strong>arma&#39;praemium</strong></span> <span class='ocrx_word' id='word_1_43' title='bbox 1318 933 1462 967; x_wconf 83' lang='lat' dir='ltr'><strong>virtutis</strong></span> <span class='ocrx_word' id='word_1_44' title='bbox 1486 936 1740 975; x_wconf 82' lang='lat' dir='ltr'><strong>proponuntur.</strong></span> <span class='ocrx_word' id='word_1_45' title='bbox 1792 932 1879 966; x_wconf 83' lang='lat' dir='ltr'><strong>Eius</strong></span> <span class='ocrx_word' id='word_1_46' title='bbox 1905 934 1999 968; x_wconf 87' lang='lat' dir='ltr'><strong>enim</strong></span> <span class='ocrx_word' id='word_1_47' title='bbox 2025 936 2065 966; x_wconf 89' lang='lat' dir='ltr'><strong>ut</strong></span> <span class='ocrx_word' id='word_1_48' title='bbox 2092 937 2221 975; x_wconf 70' lang='lat' dir='ltr'><strong>went,</strong></span> 
     </span>
     <span class='ocr_line' id='line_1_14' title="bbox 160 998 2223 1044; baseline 0.001 -12"><span class='ocrx_word' id='word_1_49' title='bbox 160 1002 333 1033; x_wconf 86' lang='lat' dir='ltr'><strong>statutum</strong></span> <span class='ocrx_word' id='word_1_50' title='bbox 359 1003 451 1041; x_wconf 88' lang='lat' dir='ltr'><strong>erat,</strong></span> <span class='ocrx_word' id='word_1_51' title='bbox 486 999 549 1042; x_wconf 88' lang='lat' dir='ltr'><strong>qui</strong></span> <span class='ocrx_word' id='word_1_52' title='bbox 576 998 768 1043; x_wconf 86' lang='lat' dir='ltr'><strong>plurimum</strong></span> <span class='ocrx_word' id='word_1_53' title='bbox 794 998 944 1033; x_wconf 85' lang='lat' dir='ltr'><strong>Achivis</strong></span> <span class='ocrx_word' id='word_1_54' title='bbox 978 998 1175 1042; x_wconf 80' lang='lat' dir='ltr'><strong>proruisset.</strong></span> <span class='ocrx_word' id='word_1_55' title='bbox 1224 999 1393 1043; x_wconf 83' lang='lat' dir='ltr'><strong>Magnum</strong></span> <span class='ocrx_word' id='word_1_56' title='bbox 1431 1000 1522 1033; x_wconf 82' lang='lat' dir='ltr'><strong>inter</strong></span> <span class='ocrx_word' id='word_1_57' title='bbox 1556 998 1721 1033; x_wconf 85' lang='lat' dir='ltr'><strong>mortales</strong></span> <span class='ocrx_word' id='word_1_58' title='bbox 1756 1003 1932 1035; x_wconf 80' lang='lat' dir='ltr'><strong>certamen</strong></span> <span class='ocrx_word' id='word_1_59' title='bbox 1969 999 2100 1044; x_wconf 79' lang='lat' dir='ltr'><strong>fuerat,</strong></span> <span class='ocrx_word' id='word_1_60' title='bbox 2139 1002 2223 1035; x_wconf 86' lang='lat' dir='ltr'><strong>vine</strong></span> 
     </span>
     <span class='ocr_line' id='line_1_15' title="bbox 160 1055 2216 1111; baseline 0.001 -11"><span class='ocrx_word' id='word_1_61' title='bbox 160 1066 326 1110; x_wconf 80' lang='lat' dir='ltr'><strong>corporis,</strong></span> <span class='ocrx_word' id='word_1_62' title='bbox 352 1075 399 1099; x_wconf 84' lang='lat' dir='ltr'><strong>an</strong></span> <span class='ocrx_word' id='word_1_63' title='bbox 423 1065 558 1100; x_wconf 82' lang='lat' dir='ltr'><strong>virtute</strong></span> <span class='ocrx_word' id='word_1_64' title='bbox 583 1066 694 1100; x_wconf 88' lang='lat' dir='ltr'><strong>animi</strong></span> <span class='ocrx_word' id='word_1_65' title='bbox 720 1076 776 1101; x_wconf 82' lang='lat' dir='ltr'><strong>res</strong></span> <span class='ocrx_word' id='word_1_66' title='bbox 800 1055 967 1100; x_wconf 76' lang='lat' dir='ltr'><strong>militaris</strong></span> <span class='ocrx_word' id='word_1_67' title='bbox 992 1066 1107 1111; x_wconf 81' lang='lat' dir='ltr'><strong>magis</strong></span> <span class='ocrx_word' id='word_1_68' title='bbox 1132 1066 1345 1110; x_wconf 80' lang='lat' dir='ltr'><strong>procederet.</strong></span> <span class='ocrx_word' id='word_1_69' title='bbox 1397 1066 1537 1101; x_wconf 84' lang='lat' dir='ltr'><strong>ludices</strong></span> <span class='ocrx_word' id='word_1_70' title='bbox 1557 1070 1675 1100; x_wconf 88' lang='lat' dir='ltr'><strong>autem</strong></span> <span class='ocrx_word' id='word_1_71' title='bbox 1701 1065 1859 1111; x_wconf 75' lang='lat' dir='ltr'><strong>legitime</strong></span> <span class='ocrx_word' id='word_1_72' title='bbox 1885 1068 2068 1103; x_wconf 80' lang='lat' dir='ltr'><strong>constituti</strong></span> <span class='ocrx_word' id='word_1_73' title='bbox 2096 1068 2216 1103; x_wconf 81' lang='lat' dir='ltr'><strong>animo</strong></span> 
     </span>
     <span class='ocr_line' id='line_1_16' title="bbox 160 1118 2223 1186; baseline 0.001 -19"><span class='ocrx_word' id='word_1_74' title='bbox 160 1133 241 1177; x_wconf 83' lang='lat' dir='ltr'><strong>plus</strong></span> <span class='ocrx_word' id='word_1_75' title='bbox 265 1133 421 1168; x_wconf 80' lang='lat' dir='ltr'><strong>tribuere</strong></span> <span class='ocrx_word' id='word_1_76' title='bbox 446 1138 555 1177; x_wconf 83' lang='lat' dir='ltr'><strong>atque</strong></span> <span class='ocrx_word' id='word_1_77' title='bbox 580 1133 691 1177; x_wconf 81' lang='lat' dir='ltr'>Ulixi,</span> <span class='ocrx_word' id='word_1_78' title='bbox 726 1144 795 1169; x_wconf 91' lang='lat' dir='ltr'><strong>non</strong></span> <span class='ocrx_word' id='word_1_79' title='bbox 820 1118 882 1176; x_wconf 86' lang='lat' dir='ltr'><strong>diu</strong></span> <span class='ocrx_word' id='word_1_80' title='bbox 908 1134 1163 1178; x_wconf 75' lang='lat' dir='ltr'><strong>disceptantes,</strong></span> <span class='ocrx_word' id='word_1_81' title='bbox 1197 1143 1253 1169; x_wconf 84' lang='grc' dir='ltr'><strong>τα</strong></span> <span class='ocrx_word' id='word_1_82' title='bbox 1282 1122 1473 1182; x_wconf 78' lang='grc' dir='ltr'><strong><em>αριστεΐα</em></strong></span> <span class='ocrx_word' id='word_1_83' title='bbox 1498 1134 1767 1169; x_wconf 84' lang='lat' dir='ltr'><strong>adiudicarunt:</strong></span> <span class='ocrx_word' id='word_1_84' title='bbox 1806 1123 1922 1181; x_wconf 76' lang='grc' dir='ltr'><strong>φωτῖ</strong></span> <span class='ocrx_word' id='word_1_85' title='bbox 1948 1128 2223 1186; x_wconf 64' lang='grc' dir='ltr'><strong><em>παντουργᾳῗ</em></strong></span> 
     </span>
     <span class='ocr_line' id='line_1_17' title="bbox 160 1191 2221 1247; baseline 0.001 -13"><span class='ocrx_word' id='word_1_86' title='bbox 160 1191 335 1247; x_wconf 66' lang='grc' dir='ltr'><strong><em>φρένας,</em></strong></span> <span class='ocrx_word' id='word_1_87' title='bbox 363 1199 482 1244; x_wconf 85' lang='lat' dir='ltr'><strong>qualis</strong></span> <span class='ocrx_word' id='word_1_88' title='bbox 506 1200 611 1236; x_wconf 89' lang='lat' dir='ltr'><strong>Aiaci</strong></span> <span class='ocrx_word' id='word_1_89' title='bbox 652 1201 796 1246; x_wconf 89' lang='lat' dir='ltr'><strong>quidem</strong></span> <span class='ocrx_word' id='word_1_90' title='bbox 823 1200 1055 1247; x_wconf 85' lang='lat' dir='ltr'><strong>videbatur.¹)</strong></span> <span class='ocrx_word' id='word_1_91' title='bbox 1103 1201 1195 1237; x_wconf 87' lang='lat' dir='ltr'><strong>Tum</strong></span> <span class='ocrx_word' id='word_1_92' title='bbox 1228 1204 1338 1237; x_wconf 88' lang='lat' dir='ltr'><strong>animi</strong></span> <span class='ocrx_word' id='word_1_93' title='bbox 1364 1202 1511 1238; x_wconf 78' lang='lat' dir='ltr'><strong>modesti</strong></span> <span class='ocrx_word' id='word_1_94' title='bbox 1550 1201 1693 1245; x_wconf 80' lang='lat' dir='ltr'><strong>suisset,</strong></span> <span class='ocrx_word' id='word_1_95' title='bbox 1732 1203 1935 1238; x_wconf 69' lang='lat' dir='ltr'><strong>auctoritati</strong></span> <span class='ocrx_word' id='word_1_96' title='bbox 1966 1202 2221 1246; x_wconf 72' lang='lat' dir='ltr'><strong>obtemperare.</strong></span> 
     </span>
     <span class='ocr_line' id='line_1_18' title="bbox 159 1266 2221 1316; baseline 0.002 -15"><span class='ocrx_word' id='word_1_97' title='bbox 159 1266 275 1303; x_wconf 78' lang='lat' dir='ltr'><strong>Homo</strong></span> <span class='ocrx_word' id='word_1_98' title='bbox 300 1266 525 1303; x_wconf 77' lang='lat' dir='ltr'><strong>flexibilior-is</strong></span> <span class='ocrx_word' id='word_1_99' title='bbox 552 1272 718 1312; x_wconf 84' lang='lat' dir='ltr'><strong>naturae,</strong></span> <span class='ocrx_word' id='word_1_100' title='bbox 757 1270 897 1313; x_wconf 84' lang='lat' dir='ltr'><strong>qualem</strong></span> <span class='ocrx_word' id='word_1_101' title='bbox 926 1270 1083 1314; x_wconf 90' lang='lat' dir='ltr'><strong>quotidie</strong></span> <span class='ocrx_word' id='word_1_102' title='bbox 1111 1272 1290 1315; x_wconf 70' lang='lat' dir='ltr'><strong>videmus,</strong></span> <span class='ocrx_word' id='word_1_103' title='bbox 1325 1274 1445 1307; x_wconf 86' lang='lat' dir='ltr'><strong>exitus</strong></span> <span class='ocrx_word' id='word_1_104' title='bbox 1472 1277 1545 1306; x_wconf 84' lang='lat' dir='ltr'><strong>tam</strong></span> <span class='ocrx_word' id='word_1_105' title='bbox 1574 1272 1748 1315; x_wconf 88' lang='lat' dir='ltr'><strong>inopinati</strong></span> <span class='ocrx_word' id='word_1_106' title='bbox 1774 1271 1928 1316; x_wconf 83' lang='lat' dir='ltr'><strong>appulsu</strong></span> <span class='ocrx_word' id='word_1_107' title='bbox 1954 1269 2083 1305; x_wconf 80' lang='lat' dir='ltr'><strong>fractus</strong></span> <span class='ocrx_word' id='word_1_108' title='bbox 2110 1275 2221 1314; x_wconf 78' lang='lat' dir='ltr'><strong>esset3</strong></span> 
     </span>
     <span class='ocr_line' id='line_1_19' title="bbox 161 1335 2220 1385; baseline 0.001 -18"><span class='ocrx_word' id='word_1_109' title='bbox 161 1335 391 1377; x_wconf 74' lang='lat' dir='ltr'><strong>cogitationes</strong></span> <span class='ocrx_word' id='word_1_110' title='bbox 416 1344 535 1370; x_wconf 86' lang='lat' dir='ltr'><strong>omnes</strong></span> <span class='ocrx_word' id='word_1_111' title='bbox 561 1337 766 1385; x_wconf 81' lang='lat' dir='ltr'><strong>coniecisset</strong></span> <span class='ocrx_word' id='word_1_112' title='bbox 810 1339 846 1370; x_wconf 92' lang='lat' dir='ltr'><strong>in</strong></span> <span class='ocrx_word' id='word_1_113' title='bbox 874 1336 910 1370; x_wconf 91' lang='lat' dir='ltr'><strong>id</strong></span> <span class='ocrx_word' id='word_1_114' title='bbox 946 1347 1073 1381; x_wconf 87' lang='lat' dir='ltr'><strong>unum,</strong></span> <span class='ocrx_word' id='word_1_115' title='bbox 1110 1340 1172 1382; x_wconf 90' lang='lat' dir='ltr'><strong>qui</strong></span> <span class='ocrx_word' id='word_1_116' title='bbox 1199 1339 1275 1373; x_wconf 87' lang='lat' dir='ltr'><strong>fieri</strong></span> <span class='ocrx_word' id='word_1_117' title='bbox 1314 1339 1380 1373; x_wconf 89' lang='lat' dir='ltr'><strong>hoc</strong></span> <span class='ocrx_word' id='word_1_118' title='bbox 1406 1340 1579 1382; x_wconf 80' lang='lat' dir='ltr'><strong>potuisset</strong></span> <span class='ocrx_word' id='word_1_119' title='bbox 1606 1343 1641 1371; x_wconf 87' lang='lat' dir='ltr'><strong>et</strong></span> <span class='ocrx_word' id='word_1_120' title='bbox 1678 1339 1747 1371; x_wconf 85' lang='lat' dir='ltr'><strong>sibi</strong></span> <span class='ocrx_word' id='word_1_121' title='bbox 1774 1339 1849 1380; x_wconf 78' lang='lat' dir='ltr'><strong>ipse</strong></span> <span class='ocrx_word' id='word_1_122' title='bbox 1888 1338 2111 1371; x_wconf 77' lang='lat' dir='ltr'><strong>attribuisset</strong></span> <span class='ocrx_word' id='word_1_123' title='bbox 2133 1338 2220 1371; x_wconf 88' lang='lat' dir='ltr'><strong>mali</strong></span> 
     </span>
     <span class='ocr_line' id='line_1_20' title="bbox 160 1403 2222 1449; baseline 0 -11"><span class='ocrx_word' id='word_1_124' title='bbox 160 1412 332 1440; x_wconf 82' lang='lat' dir='ltr'><strong>caussam.</strong></span> <span class='ocrx_word' id='word_1_125' title='bbox 382 1403 488 1439; x_wconf 88' lang='lat' dir='ltr'><strong>Alius</strong></span> <span class='ocrx_word' id='word_1_126' title='bbox 516 1409 570 1439; x_wconf 88' lang='lat' dir='ltr'><strong>est</strong></span> <span class='ocrx_word' id='word_1_127' title='bbox 594 1404 832 1441; x_wconf 77' lang='lat' dir='ltr'><strong>Telamonius,</strong></span> <span class='ocrx_word' id='word_1_128' title='bbox 885 1404 1047 1441; x_wconf 84' lang='lat' dir='ltr'><strong>Indicum</strong></span> <span class='ocrx_word' id='word_1_129' title='bbox 1072 1407 1250 1440; x_wconf 79' lang='lat' dir='ltr'><strong>sententia</strong></span> <span class='ocrx_word' id='word_1_130' title='bbox 1275 1407 1446 1440; x_wconf 88' lang='lat' dir='ltr'><strong>attonitus</strong></span> <span class='ocrx_word' id='word_1_131' title='bbox 1473 1409 1597 1449; x_wconf 81' lang='lat' dir='ltr'><strong>torpet,</strong></span> <span class='ocrx_word' id='word_1_132' title='bbox 1624 1403 1828 1439; x_wconf 75' lang='lat' dir='ltr'><strong>iracundiae</strong></span> <span class='ocrx_word' id='word_1_133' title='bbox 1856 1404 2124 1439; x_wconf 80' lang='lat' dir='ltr'><strong>conturbatione</strong></span> <span class='ocrx_word' id='word_1_134' title='bbox 2151 1404 2222 1440; x_wconf 88' lang='lat' dir='ltr'><strong>huc</strong></span> 
     </span>
     <span class='ocr_line' id='line_1_21' title="bbox 160 1471 2220 1515; baseline 0.001 -12"><span class='ocrx_word' id='word_1_135' title='bbox 160 1474 268 1513; x_wconf 89' lang='lat' dir='ltr'><strong>atque</strong></span> <span class='ocrx_word' id='word_1_136' title='bbox 294 1471 381 1505; x_wconf 88' lang='lat' dir='ltr'><strong>illuc</strong></span> <span class='ocrx_word' id='word_1_137' title='bbox 404 1472 621 1515; x_wconf 80' lang='lat' dir='ltr'><strong>exagitatur,</strong></span> <span class='ocrx_word' id='word_1_138' title='bbox 656 1472 717 1506; x_wconf 91' lang='lat' dir='ltr'><strong>sed</strong></span> <span class='ocrx_word' id='word_1_139' title='bbox 743 1472 865 1507; x_wconf 85' lang='lat' dir='ltr'><strong>cedere</strong></span> <span class='ocrx_word' id='word_1_140' title='bbox 887 1474 957 1507; x_wconf 88' lang='lat' dir='ltr'><strong>sibi</strong></span> <span class='ocrx_word' id='word_1_141' title='bbox 984 1483 1053 1506; x_wconf 89' lang='lat' dir='ltr'><strong>non</strong></span> <span class='ocrx_word' id='word_1_142' title='bbox 1079 1473 1185 1506; x_wconf 87' lang='lat' dir='ltr'><strong>licere</strong></span> <span class='ocrx_word' id='word_1_143' title='bbox 1211 1477 1323 1515; x_wconf 85' lang='lat' dir='ltr'><strong>putat.</strong></span> <span class='ocrx_word' id='word_1_144' title='bbox 1373 1472 1532 1515; x_wconf 82' lang='lat' dir='ltr'><strong>Colligit,</strong></span> <span class='ocrx_word' id='word_1_145' title='bbox 1561 1472 1656 1505; x_wconf 83' lang='lat' dir='ltr'><strong>solus</strong></span> <span class='ocrx_word' id='word_1_146' title='bbox 1684 1473 1721 1504; x_wconf 87' lang='lat' dir='ltr'><strong>in</strong></span> <span class='ocrx_word' id='word_1_147' title='bbox 1755 1476 1864 1505; x_wconf 76' lang='lat' dir='ltr'><strong>semet</strong></span> <span class='ocrx_word' id='word_1_148' title='bbox 1890 1472 1967 1513; x_wconf 83' lang='lat' dir='ltr'><strong>ipso</strong></span> <span class='ocrx_word' id='word_1_149' title='bbox 1993 1473 2220 1514; x_wconf 79' lang='lat' dir='ltr'><strong>constitutus,</strong></span> 
     </span>
     <span class='ocr_line' id='line_1_22' title="bbox 160 1537 2222 1590; baseline 0.001 -20"><span class='ocrx_word' id='word_1_150' title='bbox 160 1539 255 1590; x_wconf 79' lang='lat' dir='ltr'><strong>vires</strong></span> <span class='ocrx_word' id='word_1_151' title='bbox 278 1542 313 1572; x_wconf 90' lang='lat' dir='ltr'><strong>et</strong></span> <span class='ocrx_word' id='word_1_152' title='bbox 337 1539 447 1572; x_wconf 88' lang='lat' dir='ltr'><strong>animi</strong></span> <span class='ocrx_word' id='word_1_153' title='bbox 473 1542 509 1573; x_wconf 84' lang='lat' dir='ltr'><strong>ct</strong></span> <span class='ocrx_word' id='word_1_154' title='bbox 533 1540 707 1582; x_wconf 86' lang='lat' dir='ltr'><strong>corporis,</strong></span> <span class='ocrx_word' id='word_1_155' title='bbox 734 1549 825 1583; x_wconf 87' lang='lat' dir='ltr'><strong>quae</strong></span> <span class='ocrx_word' id='word_1_156' title='bbox 851 1540 994 1583; x_wconf 85' lang='lat' dir='ltr'><strong>repulsa</strong></span> <span class='ocrx_word' id='word_1_157' title='bbox 1021 1539 1094 1573; x_wconf 84' lang='lat' dir='ltr'><strong>lata</strong></span> <span class='ocrx_word' id='word_1_158' title='bbox 1118 1549 1187 1573; x_wconf 89' lang='lat' dir='ltr'><strong>non</strong></span> <span class='ocrx_word' id='word_1_159' title='bbox 1213 1544 1287 1574; x_wconf 88' lang='lat' dir='ltr'><strong>tam</strong></span> <span class='ocrx_word' id='word_1_160' title='bbox 1313 1540 1535 1582; x_wconf 81' lang='lat' dir='ltr'><strong>deminutae,</strong></span> <span class='ocrx_word' id='word_1_161' title='bbox 1572 1549 1680 1582; x_wconf 87' lang='lat' dir='ltr'><strong>quam</strong></span> <span class='ocrx_word' id='word_1_162' title='bbox 1706 1542 1832 1573; x_wconf 86' lang='lat' dir='ltr'><strong>auctae</strong></span> <span class='ocrx_word' id='word_1_163' title='bbox 1872 1537 2100 1581; x_wconf 82' lang='lat' dir='ltr'><strong>firmataeque</strong></span> <span class='ocrx_word' id='word_1_164' title='bbox 2125 1543 2222 1574; x_wconf 82' lang='lat' dir='ltr'><strong>sunt.</strong></span> 
     </span>
     <span class='ocr_line' id='line_1_23' title="bbox 161 1603 1531 1650; baseline 0.001 -13"><span class='ocrx_word' id='word_1_165' title='bbox 161 1603 286 1647; x_wconf 81' lang='lat' dir='ltr'><strong>ltaque</strong></span> <span class='ocrx_word' id='word_1_166' title='bbox 314 1605 444 1639; x_wconf 85' lang='lat' dir='ltr'><strong>iustius</strong></span> <span class='ocrx_word' id='word_1_167' title='bbox 470 1604 514 1639; x_wconf 83' lang='lat' dir='ltr'><strong>do</strong></span> <span class='ocrx_word' id='word_1_168' title='bbox 539 1605 606 1641; x_wconf 88' lang='lat' dir='ltr'><strong>hoc</strong></span> <span class='ocrx_word' id='word_1_169' title='bbox 631 1605 753 1649; x_wconf 85' lang='lat' dir='ltr'><strong>Aiace,</strong></span> <span class='ocrx_word' id='word_1_170' title='bbox 781 1616 888 1650; x_wconf 85' lang='lat' dir='ltr'><strong>quam</strong></span> <span class='ocrx_word' id='word_1_171' title='bbox 918 1606 960 1640; x_wconf 89' lang='lat' dir='ltr'><strong>de</strong></span> <span class='ocrx_word' id='word_1_172' title='bbox 987 1606 1129 1641; x_wconf 81' lang='lat' dir='ltr'><strong>Achille</strong></span> <span class='ocrx_word' id='word_1_173' title='bbox 1156 1612 1314 1641; x_wconf 79' lang='lat' dir='ltr'><strong>narraret</strong></span> <span class='ocrx_word' id='word_1_174' title='bbox 1341 1606 1531 1641; x_wconf 82' lang='lat' dir='ltr'><strong>Horatius:</strong></span> 
     </span>
    </p>

    <p class='ocr_par' dir='ltr' id='par_1_7' title="bbox 653 1673 1710 1719">
     <span class='ocr_line' id='line_1_24' title="bbox 653 1673 1710 1719; baseline 0.002 -12"><span class='ocrx_word' id='word_1_175' title='bbox 653 1673 760 1718; x_wconf 79' lang='lat' dir='ltr'><strong>„Iura</strong></span> <span class='ocrx_word' id='word_1_176' title='bbox 786 1678 893 1719; x_wconf 84' lang='lat' dir='ltr'><strong>negat</strong></span> <span class='ocrx_word' id='word_1_177' title='bbox 920 1675 988 1708; x_wconf 87' lang='lat' dir='ltr'><strong>sibi</strong></span> <span class='ocrx_word' id='word_1_178' title='bbox 1016 1679 1111 1714; x_wconf 89' lang='lat' dir='ltr'><strong>nata,</strong></span> <span class='ocrx_word' id='word_1_179' title='bbox 1138 1673 1230 1707; x_wconf 90' lang='lat' dir='ltr'><strong>nihil</strong></span> <span class='ocrx_word' id='word_1_180' title='bbox 1256 1684 1325 1709; x_wconf 89' lang='lat' dir='ltr'><strong>non</strong></span> <span class='ocrx_word' id='word_1_181' title='bbox 1352 1678 1495 1718; x_wconf 84' lang='lat' dir='ltr'><strong>arrogat</strong></span> <span class='ocrx_word' id='word_1_182' title='bbox 1522 1673 1662 1709; x_wconf 83' lang='lat' dir='ltr'><strong>armis.“</strong></span> <span class='ocrx_word' id='word_1_183' title='bbox 1684 1673 1710 1718; x_wconf 83' lang='lat'><strong>²)</strong></span> 
     </span>
    </p>

    <p class='ocr_par' dir='ltr' id='par_1_8' title="bbox 160 1739 2225 1988">
     <span class='ocr_line' id='line_1_25' title="bbox 392 1739 2223 1785; baseline -0.001 -11"><span class='ocrx_word' id='word_1_184' title='bbox 392 1739 554 1775; x_wconf 82' lang='lat' dir='ltr'><strong>Achilles</strong></span> <span class='ocrx_word' id='word_1_185' title='bbox 579 1742 684 1783; x_wconf 91' lang='lat' dir='ltr'><strong>enim,</strong></span> <span class='ocrx_word' id='word_1_186' title='bbox 719 1743 850 1775; x_wconf 89' lang='lat' dir='ltr'><strong>iniuria</strong></span> <span class='ocrx_word' id='word_1_187' title='bbox 879 1742 925 1775; x_wconf 92' lang='lat' dir='ltr'><strong>ab</strong></span> <span class='ocrx_word' id='word_1_188' title='bbox 952 1741 1089 1776; x_wconf 85' lang='lat' dir='ltr'><strong>Atridis</strong></span> <span class='ocrx_word' id='word_1_189' title='bbox 1113 1742 1267 1785; x_wconf 81' lang='lat' dir='ltr'><strong>affectus,</strong></span> <span class='ocrx_word' id='word_1_190' title='bbox 1295 1742 1331 1774; x_wconf 85' lang='lat' dir='ltr'><strong>in</strong></span> <span class='ocrx_word' id='word_1_191' title='bbox 1372 1742 1525 1775; x_wconf 88' lang='lat' dir='ltr'><strong>tentorio</strong></span> <span class='ocrx_word' id='word_1_192' title='bbox 1550 1741 1749 1783; x_wconf 86' lang='lat' dir='ltr'><strong>delitescit,</strong></span> <span class='ocrx_word' id='word_1_193' title='bbox 1785 1745 1905 1775; x_wconf 84' lang='lat' dir='ltr'><strong>contra</strong></span> <span class='ocrx_word' id='word_1_194' title='bbox 1932 1741 2026 1773; x_wconf 84' lang='lat' dir='ltr'><strong>Aiax</strong></span> <span class='ocrx_word' id='word_1_195' title='bbox 2053 1740 2223 1774; x_wconf 88' lang='lat' dir='ltr'><strong>ultionem</strong></span> 
     </span>
     <span class='ocr_line' id='line_1_26' title="bbox 162 1805 2225 1853; baseline -0 -12"><span class='ocrx_word' id='word_1_196' title='bbox 162 1809 384 1852; x_wconf 83' lang='lat' dir='ltr'><strong>exitiumque</strong></span> <span class='ocrx_word' id='word_1_197' title='bbox 408 1812 510 1852; x_wconf 85' lang='lat' dir='ltr'><strong>parat</strong></span> <span class='ocrx_word' id='word_1_198' title='bbox 549 1811 620 1842; x_wconf 85' lang='lat' dir='ltr'><strong>tam</strong></span> <span class='ocrx_word' id='word_1_199' title='bbox 646 1808 843 1850; x_wconf 87' lang='lat' dir='ltr'><strong>iudicibus,</strong></span> <span class='ocrx_word' id='word_1_200' title='bbox 884 1819 990 1853; x_wconf 89' lang='lat' dir='ltr'><strong>quam</strong></span> <span class='ocrx_word' id='word_1_201' title='bbox 1017 1808 1219 1843; x_wconf 85' lang='lat' dir='ltr'><strong>adversario</strong></span> <span class='ocrx_word' id='word_1_202' title='bbox 1246 1809 1390 1851; x_wconf 85' lang='lat' dir='ltr'><strong>victori,</strong></span> <span class='ocrx_word' id='word_1_203' title='bbox 1431 1808 1533 1852; x_wconf 84' lang='lat' dir='ltr'><strong>quasi</strong></span> <span class='ocrx_word' id='word_1_204' title='bbox 1560 1809 1710 1841; x_wconf 83' lang='lat' dir='ltr'><strong>societas</strong></span> <span class='ocrx_word' id='word_1_205' title='bbox 1737 1807 1876 1846; x_wconf 83' lang='lat' dir='ltr'><strong>civilis,</strong></span> <span class='ocrx_word' id='word_1_206' title='bbox 1923 1807 2024 1841; x_wconf 87' lang='lat' dir='ltr'><strong>cuius</strong></span> <span class='ocrx_word' id='word_1_207' title='bbox 2053 1805 2225 1840; x_wconf 83' lang='lat' dir='ltr'><strong>beneficio</strong></span> 
     </span>
     <span class='ocr_line' id='line_1_27' title="bbox 160 1873 2225 1920; baseline -0.001 -12"><span class='ocrx_word' id='word_1_208' title='bbox 160 1875 288 1909; x_wconf 78' lang='lat' dir='ltr'><strong>ferocia</strong></span> <span class='ocrx_word' id='word_1_209' title='bbox 312 1874 489 1909; x_wconf 83' lang='lat' dir='ltr'><strong>naturalis</strong></span> <span class='ocrx_word' id='word_1_210' title='bbox 515 1874 700 1910; x_wconf 87' lang='lat' dir='ltr'><strong>cohibetur</strong></span> <span class='ocrx_word' id='word_1_211' title='bbox 727 1880 762 1909; x_wconf 89' lang='lat' dir='ltr'><strong>et</strong></span> <span class='ocrx_word' id='word_1_212' title='bbox 788 1877 882 1910; x_wconf 86' lang='lat' dir='ltr'><strong>vires</strong></span> <span class='ocrx_word' id='word_1_213' title='bbox 906 1877 1059 1920; x_wconf 86' lang='lat' dir='ltr'><strong>corporis</strong></span> <span class='ocrx_word' id='word_1_214' title='bbox 1093 1877 1201 1908; x_wconf 85' lang='lat' dir='ltr'><strong>animi</strong></span> <span class='ocrx_word' id='word_1_215' title='bbox 1231 1877 1378 1919; x_wconf 84' lang='lat' dir='ltr'><strong>imperio</strong></span> <span class='ocrx_word' id='word_1_216' title='bbox 1404 1875 1593 1910; x_wconf 88' lang='lat' dir='ltr'><strong>concedere</strong></span> <span class='ocrx_word' id='word_1_217' title='bbox 1629 1879 1815 1918; x_wconf 85' lang='lat' dir='ltr'><strong>coguntur,</strong></span> <span class='ocrx_word' id='word_1_218' title='bbox 1843 1875 1900 1908; x_wconf 72' lang='lat' dir='ltr'><strong>vel</strong></span> <span class='ocrx_word' id='word_1_219' title='bbox 1928 1878 2084 1908; x_wconf 85' lang='lat' dir='ltr'><strong>exstaret</strong></span> <span class='ocrx_word' id='word_1_220' title='bbox 2111 1873 2225 1916; x_wconf 83' lang='lat' dir='ltr'><strong>nulla,</strong></span> 
     </span>
     <span class='ocr_line' id='line_1_28' title="bbox 161 1941 1338 1988; baseline 0 -13"><span class='ocrx_word' id='word_1_221' title='bbox 161 1942 219 1976; x_wconf 80' lang='lat' dir='ltr'><strong>vel</strong></span> <span class='ocrx_word' id='word_1_222' title='bbox 245 1942 338 1976; x_wconf 84' lang='lat' dir='ltr'><strong>nihil</strong></span> <span class='ocrx_word' id='word_1_223' title='bbox 363 1946 465 1978; x_wconf 80' lang='lat' dir='ltr'><strong>esset,</strong></span> <span class='ocrx_word' id='word_1_224' title='bbox 517 1941 609 1976; x_wconf 85' lang='lat' dir='ltr'><strong>Vere</strong></span> <span class='ocrx_word' id='word_1_225' title='bbox 635 1942 679 1976; x_wconf 89' lang='lat' dir='ltr'><strong>de</strong></span> <span class='ocrx_word' id='word_1_226' title='bbox 704 1942 770 1976; x_wconf 89' lang='lat' dir='ltr'><strong>hoc</strong></span> <span class='ocrx_word' id='word_1_227' title='bbox 798 1942 1021 1986; x_wconf 84' lang='lat' dir='ltr'><strong>Agamemno</strong></span> <span class='ocrx_word' id='word_1_228' title='bbox 1046 1944 1273 1986; x_wconf 86' lang='lat' dir='ltr'><strong>conqueritur</strong></span> <span class='ocrx_word' id='word_1_229' title='bbox 1288 1942 1338 1988; x_wconf 87' lang='lat'><strong>⁸):</strong></span> 
     </span>
    </p>
   </div>
   <div class='ocr_carea' id='block_1_5' title="bbox 164 2006 2226 2393">
    <p class='ocr_par' dir='ltr' id='par_1_9' title="bbox 164 2006 2226 2393">
     <span class='ocr_line' id='line_1_29' title="bbox 676 2006 1707 2065; baseline 0 -16"><span class='ocrx_word' id='word_1_230' title='bbox 676 2010 723 2049; x_wconf 80' lang='grc' dir='ltr'><strong>ἐκ</strong></span> <span class='ocrx_word' id='word_1_231' title='bbox 750 2008 892 2051; x_wconf 74' lang='grc' dir='ltr'><strong><em>ταῖνδε</em></strong></span> <span class='ocrx_word' id='word_1_232' title='bbox 920 2012 1072 2063; x_wconf 80' lang='grc' dir='ltr'><strong><em>μέντοι</em></strong></span> <span class='ocrx_word' id='word_1_233' title='bbox 1090 2013 1182 2051; x_wconf 79' lang='grc' dir='ltr'><strong>τῶν</strong></span> <span class='ocrx_word' id='word_1_234' title='bbox 1211 2006 1387 2065; x_wconf 83' lang='grc' dir='ltr'><strong><em>τρόπων</em></strong></span> <span class='ocrx_word' id='word_1_235' title='bbox 1416 2007 1497 2051; x_wconf 79' lang='grc' dir='ltr'><strong>οὐκ</strong></span> <span class='ocrx_word' id='word_1_236' title='bbox 1518 2007 1575 2050; x_wconf 78' lang='grc' dir='ltr'><strong>ἄν</strong></span> <span class='ocrx_word' id='word_1_237' title='bbox 1607 2025 1707 2050; x_wconf 82' lang='grc' dir='ltr'><em>ποτε</em></span> 
     </span>
     <span class='ocr_line' id='line_1_30' title="bbox 674 2071 1603 2133; baseline 0.002 -17"><span class='ocrx_word' id='word_1_238' title='bbox 674 2071 934 2123; x_wconf 81' lang='grc' dir='ltr'><strong><em>κατάστασις</em></strong></span> <span class='ocrx_word' id='word_1_239' title='bbox 962 2073 1119 2133; x_wconf 76' lang='grc' dir='ltr'><em>γένοιτ’</em></span> <span class='ocrx_word' id='word_1_240' title='bbox 1155 2074 1212 2119; x_wconf 74' lang='grc' dir='ltr'><strong>ἂν</strong></span> <span class='ocrx_word' id='word_1_241' title='bbox 1241 2073 1417 2124; x_wconf 74' lang='grc' dir='ltr'><em>οὐδενὸς</em></span> <span class='ocrx_word' id='word_1_242' title='bbox 1446 2073 1603 2131; x_wconf 81' lang='grc' dir='ltr'><strong><em>νόμου,</em></strong></span> 
     </span>
     <span class='ocr_line' id='line_1_31' title="bbox 677 2139 1549 2196; baseline 0.001 -15"><span class='ocrx_word' id='word_1_243' title='bbox 677 2143 711 2181; x_wconf 82' lang='grc' dir='ltr'><strong>εἰ</strong></span> <span class='ocrx_word' id='word_1_244' title='bbox 747 2139 847 2188; x_wconf 78' lang='grc' dir='ltr'><strong>τούς</strong></span> <span class='ocrx_word' id='word_1_245' title='bbox 884 2140 984 2195; x_wconf 80' lang='grc' dir='ltr'><em>δίκῃ</em></span> <span class='ocrx_word' id='word_1_246' title='bbox 1022 2145 1236 2189; x_wconf 78' lang='grc' dir='ltr'><strong><em>νικῶντας</em></strong></span> <span class='ocrx_word' id='word_1_247' title='bbox 1265 2140 1549 2196; x_wconf 75' lang='grc' dir='ltr'>ἐξωθήσομεν</span> 
     </span>
     <span class='ocr_line' id='line_1_32' title="bbox 677 2204 1706 2264; baseline 0 -15"><span class='ocrx_word' id='word_1_248' title='bbox 677 2206 749 2249; x_wconf 84' lang='grc' dir='ltr'><strong>καὶ</strong></span> <span class='ocrx_word' id='word_1_249' title='bbox 789 2204 889 2254; x_wconf 79' lang='grc' dir='ltr'><strong>τούς</strong></span> <span class='ocrx_word' id='word_1_250' title='bbox 924 2204 1112 2250; x_wconf 77' lang='grc' dir='ltr'>ὄπισθεν</span> <span class='ocrx_word' id='word_1_251' title='bbox 1148 2209 1189 2255; x_wconf 78' lang='grc' dir='ltr'><strong>ἐς</strong></span> <span class='ocrx_word' id='word_1_252' title='bbox 1227 2205 1278 2250; x_wconf 71' lang='lat' dir='ltr'><strong>vd</strong></span> <span class='ocrx_word' id='word_1_253' title='bbox 1299 2204 1496 2264; x_wconf 78' lang='grc' dir='ltr'><strong><em>πρόσθεν</em></strong></span> <span class='ocrx_word' id='word_1_254' title='bbox 1528 2204 1706 2261; x_wconf 73' lang='grc' dir='ltr'>ἄξομεν.</span> 
     </span>
     <span class='ocr_line' id='line_1_33' title="bbox 394 2279 2226 2328; baseline -0.001 -11"><span class='ocrx_word' id='word_1_255' title='bbox 394 2281 462 2317; x_wconf 86' lang='lat' dir='ltr'><strong>Sed</strong></span> <span class='ocrx_word' id='word_1_256' title='bbox 489 2286 762 2317; x_wconf 83' lang='lat' dir='ltr'><strong>consentaneum</strong></span> <span class='ocrx_word' id='word_1_257' title='bbox 789 2283 854 2316; x_wconf 87' lang='lat' dir='ltr'><strong>hoc</strong></span> <span class='ocrx_word' id='word_1_258' title='bbox 887 2288 962 2316; x_wconf 80' lang='lat' dir='ltr'><strong>erat</strong></span> <span class='ocrx_word' id='word_1_259' title='bbox 989 2282 1110 2317; x_wconf 83' lang='lat' dir='ltr'><strong>Aiacis</strong></span> <span class='ocrx_word' id='word_1_260' title='bbox 1137 2284 1280 2327; x_wconf 84' lang='lat' dir='ltr'><strong>ingenio</strong></span> <span class='ocrx_word' id='word_1_261' title='bbox 1308 2292 1371 2317; x_wconf 85' lang='lat' dir='ltr'><strong>nec</strong></span> <span class='ocrx_word' id='word_1_262' title='bbox 1406 2282 1592 2326; x_wconf 83' lang='lat' dir='ltr'><strong>indignum</strong></span> <span class='ocrx_word' id='word_1_263' title='bbox 1621 2292 1704 2316; x_wconf 87' lang='lat' dir='ltr'><strong>suae</strong></span> <span class='ocrx_word' id='word_1_264' title='bbox 1738 2283 1808 2316; x_wconf 86' lang='lat' dir='ltr'><strong>sibi</strong></span> <span class='ocrx_word' id='word_1_265' title='bbox 1845 2283 1989 2316; x_wconf 83' lang='lat' dir='ltr'><strong>virtutis</strong></span> <span class='ocrx_word' id='word_1_266' title='bbox 2015 2279 2226 2328; x_wconf 77' lang='lat' dir='ltr'><strong>consci03‘)</strong></span> 
     </span>
     <span class='ocr_line' id='line_1_34' title="bbox 164 2349 2224 2393; baseline -0 -9"><span class='ocrx_word' id='word_1_267' title='bbox 164 2351 255 2393; x_wconf 83' lang='lat' dir='ltr'><strong>nam,</strong></span> <span class='ocrx_word' id='word_1_268' title='bbox 273 2352 341 2385; x_wconf 90' lang='lat' dir='ltr'><strong>etsi</strong></span> <span class='ocrx_word' id='word_1_269' title='bbox 367 2360 436 2384; x_wconf 89' lang='lat' dir='ltr'><strong>non</strong></span> <span class='ocrx_word' id='word_1_270' title='bbox 463 2350 550 2383; x_wconf 88' lang='lat' dir='ltr'><strong>adeo</strong></span> <span class='ocrx_word' id='word_1_271' title='bbox 576 2349 669 2383; x_wconf 83' lang='lat' dir='ltr'><strong>serus</strong></span> <span class='ocrx_word' id='word_1_272' title='bbox 694 2356 780 2391; x_wconf 81' lang='lat' dir='ltr'><strong>erat,</strong></span> <span class='ocrx_word' id='word_1_273' title='bbox 796 2359 835 2383; x_wconf 82' lang='lat' dir='ltr'><strong>ut</strong></span> <span class='ocrx_word' id='word_1_274' title='bbox 864 2352 1037 2384; x_wconf 85' lang='lat' dir='ltr'><strong>iustitiam</strong></span> <span class='ocrx_word' id='word_1_275' title='bbox 1065 2361 1148 2393; x_wconf 82' lang='lat' dir='ltr'><strong>prae</strong></span> <span class='ocrx_word' id='word_1_276' title='bbox 1175 2350 1346 2384; x_wconf 83' lang='lat' dir='ltr'><strong>violentia</strong></span> <span class='ocrx_word' id='word_1_277' title='bbox 1373 2351 1536 2392; x_wconf 78' lang='lat' dir='ltr'><strong>laederet,</strong></span> <span class='ocrx_word' id='word_1_278' title='bbox 1559 2356 1677 2383; x_wconf 81' lang='lat' dir='ltr'><strong>tamen</strong></span> <span class='ocrx_word' id='word_1_279' title='bbox 1705 2361 1773 2384; x_wconf 92' lang='lat' dir='ltr'><strong>non</strong></span> <span class='ocrx_word' id='word_1_280' title='bbox 1801 2360 1840 2384; x_wconf 90' lang='lat' dir='ltr'><strong>eo</strong></span> <span class='ocrx_word' id='word_1_281' title='bbox 1870 2351 2106 2384; x_wconf 81' lang='lat' dir='ltr'><strong>humanitatis</strong></span> <span class='ocrx_word' id='word_1_282' title='bbox 2125 2350 2224 2384; x_wconf 85' lang='lat' dir='ltr'><strong>cultu</strong></span> 
     </span>
    </p>
   </div>
   <div class='ocr_carea' id='block_1_6' title="bbox 390 2474 783 2664">
    <p class='ocr_par' dir='ltr' id='par_1_10' title="bbox 390 2474 783 2664">
     <span class='ocr_line' id='line_1_35' title="bbox 393 2475 491 2493; baseline 0 -9"><span class='ocrx_word' id='word_1_283' title='bbox 393 2475 403 2493; x_wconf 82' lang='lat'>‚</span> <span class='ocrx_word' id='word_1_284' title='bbox 483 2476 491 2484; x_wconf 91' lang='lat'><strong>.</strong></span> 
     </span>
     <span class='ocr_line' id='line_1_36' title="bbox 392 2474 767 2566; baseline -0.003 -8"><span class='ocrx_word' id='word_1_285' title='bbox 392 2474 420 2566; x_wconf 52' lang='grc' dir='ltr'><strong>’ζ</strong></span> <span class='ocrx_word' id='word_1_286' title='bbox 446 2475 767 2566; x_wconf 48' lang='lat' dir='ltr'><strong>ff’pffae‘stfff&#39;wz</strong></span> 
     </span>
     <span class='ocr_line' id='line_1_37' title="bbox 391 2569 783 2615; baseline -0.005 -11"><span class='ocrx_word' id='word_1_287' title='bbox 391 2569 418 2615; x_wconf 85' lang='lat'><strong>⁸)</strong></span> <span class='ocrx_word' id='word_1_288' title='bbox 444 2582 505 2605; x_wconf 75' lang='lat' dir='ltr'><strong>w.</strong></span> <span class='ocrx_word' id='word_1_289' title='bbox 534 2571 783 2603; x_wconf 76' lang='lat'>1246—1249.</span> 
     </span>
     <span class='ocr_line' id='line_1_38' title="bbox 390 2617 745 2664; baseline 0 -13"><span class='ocrx_word' id='word_1_290' title='bbox 390 2617 420 2664; x_wconf 84' lang='lat'><strong>⁴)</strong></span> <span class='ocrx_word' id='word_1_291' title='bbox 448 2629 507 2655; x_wconf 79' lang='lat' dir='ltr'><strong>vv.</strong></span> <span class='ocrx_word' id='word_1_292' title='bbox 534 2618 745 2651; x_wconf 74' lang='lat'>422—4272</span> 
     </span>
    </p>
   </div>
   <div class='ocr_carea' id='block_1_7' title="bbox 674 2666 1750 2882">
    <p class='ocr_par' dir='ltr' id='par_1_11' title="bbox 674 2666 1750 2882">
     <span class='ocr_line' id='line_1_39' title="bbox 674 2666 1270 2794; baseline -0.008 -29"><span class='ocrx_word' id='word_1_293' title='bbox 674 2666 948 2794; x_wconf 48' lang='grc' dir='ltr'><strong>ἑξεᾷέῶπῗέϊ</strong></span> <span class='ocrx_word' id='word_1_294' title='bbox 949 2752 964 2772; x_wconf 92' lang='lat'><em>,</em></span> <span class='ocrx_word' id='word_1_295' title='bbox 993 2716 1087 2762; x_wconf 85' lang='grc' dir='ltr'><em>οἷον</em></span> <span class='ocrx_word' id='word_1_296' title='bbox 1116 2715 1270 2761; x_wconf 68' lang='grc' dir='ltr'><em>οὔτινα</em></span> 
     </span>
     <span class='ocr_line' id='line_1_40' title="bbox 675 2771 1750 2882; baseline -0.003 -63.978"><span class='ocrx_word' id='word_1_297' title='bbox 675 2779 1070 2882; x_wconf 51' lang='grc' dir='ltr'><strong>ἶἮὲνῶζὸῖατοῦ</strong></span> <span class='ocrx_word' id='word_1_298' title='bbox 1059 2773 1232 2830; x_wconf 79' lang='grc' dir='ltr'><strong><em>δέρχθη</em></strong></span> <span class='ocrx_word' id='word_1_299' title='bbox 1263 2772 1431 2828; x_wconf 76' lang='grc' dir='ltr'><strong><em>χθόνος</em></strong></span> <span class='ocrx_word' id='word_1_300' title='bbox 1459 2771 1634 2828; x_wconf 80' lang='grc' dir='ltr'><em>μολόντ“</em></span> <span class='ocrx_word' id='word_1_301' title='bbox 1665 2772 1750 2816; x_wconf 83' lang='grc' dir='ltr'><strong>από</strong></span> 
     </span>
    </p>
   </div>
  </div>
 </body>
</html>
