2461 3176
247 918 267 935 f.
298 858 649 951 Sophocles
690 880 885 949 quam
924 860 1320 928 sententiam
1361 863 1429 927 et
1471 878 1601 947 qua
1624 863 1785 927 *arte
1823 857 1896 926 in
1935 856 2136 927 Aiace

434 966 440 972 ’
811 971 1032 1041 fabula
1072 976 1448 1063 persecutus
1490 970 1596 1040 sit.

408 1348 659 1446 firaecorum
686 1394 809 1433 poe'tac
836 1391 964 1424 scenici
991 1400 1135 1432 operum
1152 1393 1364 1432 argumenta
1389 1397 1408 1421 e
1430 1388 1584 1421 fabulari
1611 1390 1728 1431 gentis
1753 1397 1838 1423 suae
1862 1388 2010 1422 historia
2035 1391 2239 1435 hauserunt,

182 1464 219 1499 id
247 1462 341 1509 quod
366 1464 519 1499 multum
545 1444 957 1509 praestabatutilitatis.
1006 1462 1203 1498 Fervidiori
1230 1464 1325 1497 enim
1351 1461 1469 1496 studio
1497 1464 1711 1504 spectatores
1745 1467 1829 1506 erga
1861 1470 1915 1495 res
1953 1466 2152 1509 propositas
2187 1469 2241 1499 te·

180 1532 367 1575 uehuntur,
394 1542 504 1576 quum
530 1534 567 1567 iu
593 1517 677 1576 ipsa·
697 1533 822 1576 patria,
852 1541 957 1575 saepe
972 1533 1007 1565 iu
1021 1530 1154 1574 eadem,
1182 1541 1288 1575 quam
1315 1529 1529 1572 incolebant,
1555 1529 1701 1563 civitate
1718 1530 1817 1572 ipsae
1844 1539 1899 1563 res
1919 1535 2080 1574 peractae
2105 1537 2239 1577 essem3

179 1604 255 1634 tum
282 1609 377 1642 vero,
414 1602 582 1644 quoniam
609 1601 714 1635 rebus
740 1602 871 1644 apertis
898 1599 1099 1643 celebrique
1128 1599 1221 1633 fama
1255 1598 1453 1641 divulgatis
1479 1599 1602 1640 poe'tas
1637 1597 1887 1640 explicationis
1927 1604 2064 1633 tantum
2094 1602 2174 1636 viae
2200 1612 2242 1637 ac

179 1669 309 1703 rationi
336 1667 518 1703 consulere
544 1679 632 1713 opus
658 1672 744 1704 erat.
796 1668 956 1703 Fabulae
981 1671 1098 1702 autem
1124 1667 1285 1712 proditae
1319 1671 1421 1700 erant
1446 1665 1592 1699 Homeri
1620 1666 1835 1700 carminibus
1871 1671 1907 1700 et
1933 1670 2125 1711 poetarum,
2153 1680 2240 1713 quos

177 1737 330 1782 cyclicos
358 1745 536 1772 vocamus,
571 1725 752 1778 Attamen,
774 1746 894 1779 quum,
912 1738 942 1769 si
961 1737 1105 1779 respicis
1119 1740 1257 1778 tempus
1279 1739 1314 1780 et
1331 1740 1451 1777 terras,
1471 1733 1613 1768 fabulae
1640 1744 1709 1767 non
1728 1744 1864 1778 semper
1886 1740 1921 1769 et
1947 1737 2081 1779 ubique
2098 1739 2240 1773 eaedem

180 1808 309 1846 essent,
336 1803 397 1838 sed
423 1808 463 1837 ut
490 1805 540 1838 ita
564 1804 678 1838 dicam
706 1804 775 1839 huc
801 1808 909 1847 atque
929 1803 1014 1837 illuc
1040 1787 1260 1844 fluctuarent,
1290 1804 1513 1845 insequentes
1534 1804 1658 1844 poetae
1686 1804 1930 1846 imprimisque
1956 1805 2086 1848 tragici
2106 1810 2241 1848 partem

179 1873 338 1915 aliquam
364 1873 423 1907 vel
449 1876 559 1909 totam
585 1882 658 1907 rem
684 1876 821 1906 mutare
860 1882 928 1906 non
957 1871 1181 1906 dubitabant.
1232 1869 1310 1913 Qua
1338 1872 1375 1904 in
1401 1880 1439 1904 re
1467 1870 1656 1914 Euripides
1683 1872 1734 1904 ita
1763 1872 1906 1915 ingenio
1931 1882 1994 1907 suo
2021 1872 2241 1918 indulgebat,

179 1945 219 1975 ut
246 1941 402 1986 prologis
428 1940 502 1975 illis
526 1950 632 1984 saepe
659 1940 822 1984 defensis,
849 1941 992 1984 saepius
1018 1939 1239 1983 vituperatis,
1267 1937 1419 1982 praefari
1434 1939 1467 1972 ei
1486 1947 1626 1973 necesse
1652 1943 1755 1974 esset.
1801 1938 1878 1982 Quo
1903 1950 1997 1975 more
2024 1942 2141 1975 minus
2160 1948 2243 1986 apto

178 2008 370 2052 Sophocles
395 2018 466 2042 non
492 2018 577 2042 usus
603 2013 669 2043 est.
719 2008 949 2051 Aeschylum,
977 2007 1094 2050 quoad
1120 2006 1197 2040 fieri
1223 2010 1350 2049 posset,
1377 2006 1601 2048 sequebatur.
1644 2006 1866 2050 Argumenta
1891 2009 1984 2041 enim
2012 2010 2057 2042 ab
2085 2009 2147 2042 illo
2173 2012 2243 2044 iam

178 2082 330 2113 tractata
356 2078 407 2111 ita
434 2077 605 2119 mutabat,
632 2081 672 2110 ut
698 2086 786 2119 opus
813 2076 1004 2119 perfectum
1032 2075 1266 2117 omnibusque
1292 2075 1369 2107 suis
1403 2075 1558 2108 numeris
1582 2079 1618 2108 et
1643 2075 1807 2117 partibus
1839 2077 2021 2119 expletum
2047 2077 2243 2114 exhiberet.

180 2143 282 2187 Quod
309 2153 419 2187 quum
445 2147 608 2179 accurate
635 2144 813 2187 respicias,
844 2152 916 2186 qua
944 2151 979 2176 re
1004 2147 1181 2185 permotus
1208 2144 1311 2185 poe'ta
1338 2151 1437 2175 secus
1463 2151 1504 2175 ac
1531 2141 1594 2174 alii
1620 2151 1743 2176 scenas
1771 2145 2016 2186 composuerit,
2040 2146 2244 2188 saepissime

178 2213 247 2245 tibi
274 2212 378 2246 datur
403 2212 526 2252 clavis,
555 2222 626 2252 qua
652 2211 788 2246 aditum
814 2212 882 2244 tibi
909 2213 945 2243 in
970 2210 1140 2243 fabricam
1167 2212 1281 2252 ipsius
1309 2212 1433 2251 poetae
1461 2220 1573 2251 pares,
1602 2211 1664 2243 ubi
1703 2211 1862 2251 consilia,
1890 2211 1975 2252 quid
2005 2211 2093 2245 haec
2118 2218 2153 2245 et
2181 2213 2245 2245 illa

179 2279 248 2315 sibi
277 2278 403 2322 velint,
431 2278 627 2314 auscultari
655 2277 789 2314 licebit.
834 2276 986 2312 Maximi
1013 2275 1079 2312 hoc
1104 2282 1157 2312 est
1186 2279 1352 2313 momenti
1381 2279 1417 2312 in
1443 2277 1690 2322 percontandis
1719 2277 1922 2323 tragoediis,
1941 2289 2090 2323 quarum
2108 2290 2245 2316 summa

179 2347 223 2380 de
249 2346 426 2380 sententia
453 2356 521 2380 non
548 2357 619 2380 uno
652 2346 754 2380 modo
782 2346 997 2389 disputetur.
1047 2347 1175 2379 Earum
1207 2348 1243 2378 in
1271 2356 1415 2379 numero
1442 2346 1639 2388 Sophoclea
1677 2346 1799 2380 Aiacis
1834 2347 1955 2380 fabula
1993 2348 2158 2382 habenda
2182 2355 2245 2385 est.

178 2414 303 2459 Neque
329 2414 442 2449 solum
475 2415 518 2450 de
544 2414 634 2457 idea,
663 2425 754 2458 quae
779 2414 865 2449 huic
890 2414 1033 2449 fabulae
1060 2415 1216 2458 subjecta
1242 2415 1309 2457 sit,
1350 2413 1410 2447 sed
1439 2416 1544 2448 etiam
1571 2414 1614 2449 de
1641 2418 1715 2449 arte
1742 2424 1857 2448 rerum
1885 2418 2150 2459 compositionis
2178 2419 2246 2451 viri

179 2482 377 2517 doctissimi
404 2484 496 2518 inter
522 2494 559 2517 se
586 2483 821 2526 dissentiunt,
862 2493 970 2526 quum
997 2487 1106 2518 totam
1133 2482 1277 2516 alteram
1306 2486 1439 2525 partem
1468 2482 1532 2515 alii
1558 2482 1664 2526 plane
1692 2492 1997 2526 supervacaneam
2024 2486 2140 2528 reiici‚
2182 2487 2246 2520 alii

180 2552 414 2584 necessariam
440 2553 555 2586 teneri
582 2552 707 2587 velint.
757 2552 815 2585 Ab
842 2552 909 2585 hac
934 2557 969 2585 et
995 2553 1041 2584 ab
1079 2551 1156 2584 illa·
1169 2555 1267 2592 parte
1293 2555 1389 2583 stant
1425 2552 1496 2583 viri
1524 2551 1753 2585 celeberrimi.
1806 2551 1844 2584 Si
1873 2554 2124 2585 sententiarum
2152 2563 2246 2596 vero,

181 2618 315 2661 quibus
341 2619 381 2656 in
402 2619 471 2657 hac
490 2621 784 2655 commentatione
802 2630 886 2654 usus
903 2630 992 2662 sum,
1019 2623 1179 2654 auctores
1198 2619 1340 2662 saepius
1366 2628 1436 2654 nou
1455 2620 1719 2654 accuratissime
1747 2619 1905 2662 laudavi,
1926 2621 2086 2664 ignoscas
2105 2630 2245 2664 quaeso,

182 2687 351 2728 quoniam
377 2697 494 2731 neque
521 2689 630 2723 libros
656 2698 780 2724 omnes
801 2688 981 2723 adhibitos
1008 2690 1045 2721 in
1072 2687 1236 2721 manibus
1265 2688 1336 2720 iam
1363 2692 1475 2731 teneo,
1502 2697 1617 2731 neque
1637 2687 1749 2722 doctis
1776 2689 1862 2722 artis
1891 2688 2080 2730 iudicibus,
2101 2688 2161 2722 sed
2190 2690 2248 2722 iu·

181 2752 334 2785 venibus
361 2757 539 2798 gymnasii
567 2756 753 2799 discipulis
779 2756 867 2790 haec
895 2757 1096 2799 conscripsi.
